%% This BibTeX bibliography file was created using BibDesk.
%% http://bibdesk.sourceforge.net/

%%techreport{NTHMP,
%%  author={F.I. Gonzalez and  R.J. LeVeque and J. Varkovitzky and P. Chamberlian and B. Jirai and D.L. George},
%%  title={GeoClaw results for the {NTHMP} tsunami benchmark problems}, 
%%  year={2011}, 
%%  URL={http://depts.washingotn.edu/clawpck/inks/nthmp-benchmarks}, 
%%}



%% Created for Jonathan Goodman at 2017-01-30 11:36:39 -0500 


%% Saved with string encoding Unicode (UTF-8) 

@article{WOODWARD1984115,
	title = "The numerical simulation of two-dimensional fluid flow with strong shocks",
	journal = "Journal of Computational Physics",
	volume = "54",
	number = "1",
	pages = "115 - 173",
	year = "1984",
	issn = "0021-9991",
	doi = "https://doi.org/10.1016/0021-9991(84)90142-6",
	url = "http://www.sciencedirect.com/science/article/pii/0021999184901426",
	author = "Paul Woodward and Phillip Colella"
}


@article{KEMM2018596,
	title = "Heuristical and numerical considerations for the carbuncle phenomenon",
	journal = "Applied Mathematics and Computation",
	volume = "320",
	pages = "596 - 613",
	year = "2018",
	issn = "0096-3003",
	doi = "https://doi.org/10.1016/j.amc.2017.09.014",
	url = "http://www.sciencedirect.com/science/article/pii/S0096300317306355",
	author = "Friedemann Kemm"
}

@article{giuliani2018analysis,
	title={Analysis of slope limiters on unstructured triangular meshes},
	author={Giuliani, Andrew and Krivodonova, Lilia},
	journal={Journal of Computational Physics},
	volume={374},
	pages={1--26},
	year={2018},
	publisher={Elsevier}
}

@article{QIN201324,
	title = "A discontinuous {G}alerkin method for solutions of the {E}uler equations on {C}artesian grids with embedded geometries",
	journal = "Journal of Computational Science",
	volume = "4",
	number = "1",
	pages = "24 - 35",
	year = "2013",
	note = "Computational Methods for Hyperbolic Problems",
	issn = "1877-7503",
	doi = "https://doi.org/10.1016/j.jocs.2012.03.008",
	url = "http://www.sciencedirect.com/science/article/pii/S1877750312000282",
	author = "Ruibin Qin and Lilia Krivodonova",
}

@techreport{hickelEtAl:2012,
  author={S. Hickel and E. Touber and J. Bodart and J. Larsson},
  title={A Parametrized Non-equilibrium Wall-model for Large-eddy Simulations},
  institution={Center for Turbulence Research},
  year={2012},
  Note={Proceedings of the Summer Program},
}


@techreport{UsluEtAl:2010,
  author={B. Uslu and M. Eble and V.V. Titov and E.N.  Bernard},
  title={Distance tsunami threats to the ports of {L}os {A}ngeles and
         {L}ong {B}each, {C}alifornia},
 Institution = {NOAA Center for Tsunami Research, Pacific Marine
           Environmental Laboratory},
  Note={NOAA OAR Special Report, Tsunami Hazard Assessment
     Special Series (2)},
  year={2010},
}

@techreport{noaa1,
     author={E. Gica and D. Arcas and V. Titov},
     title={Tsunami Inundation Modeling of {O}cean {S}hores and {L}ong
     {B}each, {W}ashington due to a {C}ascadia Subduction Zone Earthquake},
     Institution = {NOAA Center for Tsunami Research, Pacific Marine
     Environmental Laboratory},
     month={March},
     year={2014},
}

@article{murtyKowalik:1993,
   author={T.S. Murty and Z. Kowalik},
   title = {Use of {B}oussinesq versus shallow water equations in tsunami
        calculations},
   journal = {Marine Geodesy},
   volume = {16},
   number = {2},
   pages = {149-151},
   year={1993},
}

@article{petersenCramerFrankel:2002,
   author={M.D. Petersen and C.H. Cramer and A.D. Frankel},
   title = {Simulations of Seismic Hazard for the {P}acific Northwest of
       the {U}nited {S}tates from Earthquakes Associated with the 
       {C}ascadia Subduction Zone},
   journal = {Pure Appl. Geophys.},
   volume = {159},
   pages = {2147-2168},
   year={2002},
}
 
@techreport{DOE:AMREC,
	Author = {Jack Dongarra et al.},
	Date-Added = {2017-01-30 16:30:06 +0000},
	Date-Modified = {2017-01-30 16:36:34 +0000},
	Institution = {U.S. Department of Energy, Office of Science, Advanced Scientific Computing Research Program},
	Title = {Applied Mathematics Research for Exascale Computing},
	Year = {2014},
}

@techreport{AGT:NASATM,
 Author = {D. Morrison and E. Venkatapathy},
 Institution = {NASA Ames Research Center},
 Month = {Jan.},
 Number = {{NASA/TM}-2194363},
 Title = {Asteroid Generated Tsunami: Summary of {NASA/NOAA} Workshop},
 Year = {2017},
 }

@conference{NTHMP,
    Author = {F.I. Gonz{\'a}lez and R.J. LeVeque and P. Chamberlain and
        B. Hirai and J. Varkovitzky and D.L. George},
    Title = {GeoClaw Model},
    Booktitle = {Proceedings and Results of the 2011 {NTHMP} Model
Benchmarking Workshop},
    Organization = {National Tsunami Hazard Mitigation Program},
    Pages = {135-211},
    Publisher = {NOAA},
    Year = {2012},
    Url = { http://nthmp.tsunami.gov/documents/nthmpWorkshopProcMerged.pdf},
}




@techreport{cfd-vision-2030,
 Author = {Jeffrey Slotnick and Abdollah Khodadoust and Juan Alonso and David
Darmofal and William Gropp and Elizabeth Lurie and Dimitri Mavriplis},
 Doi = {2060/20140003093},
 Institution = {NASA Langley Research Center},
 Month = mar,
 Number = {CR-2014-218178},
 Title = {CFD Vision 2030 Study: A Path to Revolutionary Computational
Aerosciences},
 Type = {NASA},
 Year = {2014}
 }

@article{IPDPS17,
   author = {Sergio Martin and Marsha Berger and Scott Baden},
   title={Toucan - a Translator for Communication Tolerant {MPI}
   Applications},
   journal = {IEEE Intl. Parallel and Distributed Proc. Symp. (IPDPS'17) },
   address = {Orlando, Fl.},
   year = {2017},
}

@article{Gisler:2008,
   author = {G. Gisler},
   title={Tsunami Simulations},
   journal = {Annu. Rev. Fluid Mech.},
   year = {2008},
   volume = {40},
   pages={71-90}
}

@article{RobertsonGisler:2019,
   author = {D.K. Robertson and G. R. Gisler},
   title={Near and Far-field Hazards of Asteroid Impacts in Oceans},
   journal = {Acta Astronautica},
   year = {2019},
   volume = {156},
   pages={262-277}
}

@article{Krakatoa,
   author={D. Harkrider and F. Press},
   title={The {K}rakatoa Air-Sea Waves: an Example of Pulse Propagation in
      Coupled Systems},
   journal={Geophys. J. R. Astr. Soc.},
   volume={13},
   pages={149-159},
   year={1967},
}

@article{GislerWeaverGitting:2010,
   author={G. Gisler and R. Weaver and M. Gittings},
   title={Calculations of Asteroid Impacts into Deep and Shallow Water},
   journal={Pure Appl. Geophys.},
   volume={168},
   pages={1187-1198},
   year={2010},
}

@article{WunnemannCollinsWeiss:2010,
   author = {K. W\"unnemann and G.S. Collins and R. Weiss}, 
   title={Impact of a Cosmic Body into Earth's Ocean and the
   Generation of Large Tsunami Waves: Insight From Numerical
   Modeling},
   journal={Reviews of Geophysics},
   volume={48},
   pages={1-26},
}
         
@article{WeissWunnemannBahlburg:2006,
   author = {R. Weiss and K. W\"unnemann and H. Bahlburg},
   title={Numerical modelling of generation, propagation and
   run-up of tsunamis caused by oceanic impacts: model strategy
   and technical solutions},
   journal = {Geophys. J. Intl},
   year={2006},
   volume={167},
   pages={77-88},
}

@article{MandliEtAL:PeerJ2016,
   author = {K.T.Mandli and A.J. Ahmadia and M.J. Berger and D.A.
      Calhoun and D.L.  George and Y. Hadjimichael and 
      D.I. Ketcheson and G.I Lemoine and R.J. LeVeque},
   title={Clawpack: building an open source ecosystem for solving
   hyperbolic pdes},
   journal = {PeerJ Computer Science 2:e68},
   note={https://doi.org/10.7717/peerj-cs.68},
   year={2016},
   }

@article{Popova2013,
        Author = {O.P. Popova  and P. Jenniskens and V. Emelyanenko and
        A. Kartashova and E. Biryukov and {\em et al.}},
        Journal = {Science},
        Number = {6162},
        Pages = {1069-1073},
        Title = {Chelyabinsk Airburst, Damage Assessment, Meteorite Recovery, and Characterization},
        Volume = {342},
        Year = {2013}
}
%       Date-Modified = {2015-11-30 15:49:52 +0000},
%       Doi = {10.1126/science.1242642},
%       Eprint = {http://www.sciencemag.org/content/342/6162/1069.full.pdf},


@article{PopovaAll2013,
        Date-Added = {2015-05-22 16:23:12 +0000},
        Date-Modified = {2015-05-22 16:23:28 +0000},
        Doi = {10.1126/science.1242642},
        Eprint =
{http://www.sciencemag.org/content/342/6162/1069.full.pdf},
        Journal = {Science},
        Note = {http://dx.doi.org/10.1126/science.1242642},
        Number = {6162},
        Pages = {1069-1073},
        Title = {Chelyabinsk Airburst, Damage Assessment,
Meteorite Recovery, and Characterization},
        Url =
{http://www.sciencemag.org/content/342/6162/1069.abstract},
        Volume = {342},
        Year = {2013}
}

@article{MonserratVilibicRabinovich:2006,
  author={S. Monserrat and I. Vilibic and A.B. Rabinovich},
  title={Meteotsunamis: atmospherically induced destructive ocean waves
  in the tsunami frequency band},
  journal={Natural Hazards and Earth System Sciences},
  volume={6},
  year={2006},
  pages={1035-1051},
  }

@article{Vilibic:2008,
  author={Ivica Vilibic},
  title={Numerical simulations of the Proudman resonance},
  journal={Continental Shelf Research},
  volume={28},
  year={2008},
  pages={574-581},
  }

@article{Proudman:1929,
  author={J. Proudman},
  title={The effects on the sea of changes in atmospheric pressure},
  journal={Geophysical Supplement to the Monthly Notices of the
  Royal Astronomical Society 2},
  volume={4},
  year={1929},
  pages={197-209},
  }

@article{kleinBatesNikiforakis:2009,
   author = {R. Klein and K.R. Bates and N. Nikiforakis},
   title={Well balanced compressible cut-cell simulations of atmospheric
         flow},
   journal={Phil. Trans. Royal Soc. A},
   month={Oct.},
   year={2009},
   volume={367},
   pages={4559-4575},
   }

@inproceedings{Melosh:2003,
   author = {H.J. Melosh},
    title = {Impact-generated Tsunamis: An over-rated hazard},
     year = {2003},
BOOKTITLE = {34th Lunar and Planetary Sciences Conference Abstract},
}

@inproceedings{ZaideEtAl:IMR2015,
   author = {Daniel W. Zaide and Qiukai Lu and Mark S. Shephard},
    title = {A comparison of $C^0$ and $G^1$ continuous curved
    tetrahedral meshes for high-order finite element simulations},
     year = {2015},
BOOKTITLE = {Proc. 24th International Meshing Roundtable},
}

@inproceedings{BeallEtAl:IMR2003,
   author = {Mark W. Beall and Joe Walsh and Mark S. Shephard},
    title = {Accessing CAD Geometry for Mesh Generation},
     year = {2003},
     pages={33-42},
BOOKTITLE = {Proc. 12th International Meshing Roundtable},
}

@inproceedings{Liu:chap9,
   author = {P.L.{-F}. Liu},
   title={Tsunami Modeling: Propagation},
BOOKTITLE = {The Sea: Tsunamis},
    editor={E.N. Bernard and A.R. Robinson},
    volume={15},
    publisher = {Harvard University Press},
    year = {2009},
    pages={295-320},
}

@inproceedings{Schirra:handbook,
   author = {Stefan Schirra},
    title = {Robustness and Precision Issues in Geometric Computation},
     year = {2000},
BOOKTITLE = {Handbook on Computational Geometry},
    editor={J.R. Sack and J. Urrutia},
    publisher = {Elsevier},
    pages={597-632},
}

@inproceedings{van_Leer_FVS,
   author = {B. van Leer},
    title = {Flux-vector splitting for the {E}uler equations},
     year = {1982},
BOOKTITLE = {Proc. 8th Intl. Conference on Numerical Methods for Fluid Dynamics},
    publisher = {Springer Verlag}
}


@inproceedings{van_Leer_Thomas_Roe_Newsome,
   author = {B. van Leer and J.L. Thomas and P.L. Roe and R.W. Newsome},
    title = {A Comparison of Numerical Flux Formulas for the {E}uler and
             {N}avier-{S}tokes Equations},
     year = {1987},
    BOOKTITLE = {8th AIAA Computational Fluid Dynamics Conference, Honolulu, HI},
    note  = {Paper AIAA 87-1104}
    }

@misc{zorin:siggraph,
 author={D. Zorin and P. Schr\"oder and A. DeRose and L. Kobbelt and
         A. Levin and W. Sweldens},
 title={Subdivision for Modeling and Animation},
 year={2000},
 note={SIGGRAPH 2000 Course Notes},
 }

@misc{Mathematica7,
   author={Wolfram Research, Inc.},
   howPublished={Mathematica Edition: version 7.0},
   publisher = "{Wolfram Research, Inc}",
   address = {Champaign, IL},
   Year = {2008},
   }

@misc{Nichols:TurbulenceModels,
   author={R. H. Nichols},
   title={Turbulence Models and Their Application to Complex Flows},
   howpublished = "{{\tt
   http://people.nas.nasa.gov/~pulliam/Turbulence/Turbulence\_Guide\_v4.01.pdf}}",
   Year = {2010},
   }

@book{Kowalik:book,
   author = {Z.Kowalik},
   title={Introduction to Numerical Modeling of Tsunami Waves},
   url={https://www.uaf.edu/files/sfos/Kowalik/book_sum.pdf},
   year={2016},
   }


@book{vreugdenhil,
        Author = {C.B. Vreugdenhil},
        Publisher = {Kluwer Academic Publishers},
        Title = {Numerical Methods for Shallow-Water Flow},
        Year = {1994}}

@book{Whitham,
        Author = {G. B. Whitham},
        Publisher = {John Wiley \& Sons},
        Title = {Linear and nonlinear waves},
        Year = {1974}}

@book{WilcoxTurb,
        Address = {La Ca\~nada, CA, 91011},
        Author = {D. C. Wilcox},
        Date-Added = {2010-12-09 08:30:16 -0800},
        Date-Modified = {2010-12-09 08:35:36 -0800},
        Edition = {3rd},
        Publisher = {{DCW} Industries, Inc.},
        Title = {Turbulence Modeling for {CFD}},
        Year = {2006}}

@article{bvpm,
     Author = {L.F. Shampine and P.H. Muir and H. Xu},
     title = {A User-Friendly Fortran BVP Solver},
     journal = {J. Num. Analysis, Industrial and Appl. Math},
     year={2006},
     volume={1},
     number={2},
     pages={201-217},
     }

@article{Craft06,
        Author = {T.J. Craft and S. E. Gant and A.V. Gerasimov 
                 and H. Iacovides and B. E.  Launder},
        Journal = {Fluid Dynamics Research},
        Vol = {38},
        Pages = {127-144},
        Title = {Development and Application of Wall-Function Treatments
        for Turbulent Forced and Mixed Convection Flows},
        Year = {2006}}

@article{Craft04,
        Author = {T.J. Craft and S. E. Gant and H. Iacovides and B. E.  
Launder},
        Date-Added = {2010-12-09 08:41:23 -0800},
        Date-Modified = {2010-12-09 08:44:49 -0800},
        Journal = {Numerical Heat Transfer, Part B},
        Vol = {45},
        Pages = {301-318},
        Title = {A New Wall Function Strategy for Complex Turbulent Flows},
        Year = {2004}}


@inproceedings{Walters05,
        Author = {S. H. Myers and D. K. Walters},
        Booktitle = {Proceedings of {IMECE 2005} },
        Date-Added = {2010-12-09 08:46:56 -0800},
        Date-Modified = {2010-12-09 08:52:24 -0800},
        Month = {November},
        Series = {Paper {IMECE} 2005-81712},
        Title = {A One-dimensional Subgrid Near Wall Treatment for
                Turbulent Flow {CFD} Simulation},
        Year = {2005}}

@article{deBoor2005,
        Author = {Carl de Boor},
        Date-Added = {2010-12-07 15:45:01 -0800},
        Date-Modified = {2010-12-07 15:46:37 -0800},
        Journal = {Surveys in Approximation Theory},
        Number = {1},
        Pages = {46-69},
        Title = {Divided {D}ifferences},
        Year = {2005}}

@article{wikiNewtonPoly,
        Date-Added = {2010-12-07 15:47:58 -0800},
        Date-Modified = {2010-12-07 16:03:16 -0800},
        Journal = {http://en.wikipedia.org/Newton\_polynomial},
        Vol = {Wikipedia},
        Title = {Newton Polynomial},
        Url = {http://en.wikipedia.org/wiki/Newton\_polynomial},
        Year = {2010}}

@article{sethian_fmm,
  author={J. A. Sethian},
  title={A fast marching level set method for monotonically
         advancing fronts},
  journal={Proc. Natl. Acad. Sci. USA},
  volume={93},
  year={1996},
  pages={1591-1595},
  }

@article{Noelle,
  author={D. Kroner and S. Noelle and M. Rokyta},
  title={Convergence of higher order upwind finite volume 
         schemes on unstructure grids for scalar conservation laws in 
         several space dimensions},
  journal={Numerische Mathematik},
  volume={71},
  year={1995},
  pages={527-560},
  }


@article{krantzer:keller,
  author={H.C. Kranzer and J.B. Keller},
  title={Water Waves Produced by Explosions},
  journal={J. Applied Physics},
  volume={30},
  number={3},
  year={1959},
  pages={398-407},
  }

@article{lq:2013,
  author={Lilia Krivodonova and Ruibin Qin},
  title={An analysis of the spectrum of the discontinuous {G}alerkin
  method II: Nonuniform grids},
  journal={Applied Numerical Mathematics},
  volume={71},
  year={2013},
  pages={41-62},
  }

@article{KettnerEtAl2008,
  author={L. Kettner and K. Mehlhorn and S. Pion and S. Scchirra and C.  Yap},
  title={Classroom examples of robustness problems in geometric
  computations},
  journal={Computational Geometry},
  volume={40},
  year={2008},
  pages={61-78},
  }

@article{Chung:2006,
  author={M.H.Chung},
  title={{C}artesian cut cell approach for simulating incompressible flows with
  rigid bodies of arbitary shape},
  journal={Comp. Fluids.},
  volume={35},
  year={2006},
  pages={607-623},
  }

@article{HuKhooAdamsHuang:2006,
  author={X.Y.Hu and B.C.Khoo and N.A.Adams and F.L.Huang},
  title={A conservative interface method for compressible flows},
  journal={J. Comp. Phys.},
  volume={219},
  year={2006},
  pages={553-578},
  }

@article{KirkpatrickEtAl:2003,
  author={M.P. kirkpatrick and S.W. Armfield and J.H. Kent},
  title={A representation of curved boundaries for the solution of hte
  {N}avier-{S}tokes equations on a staggered three-dimensional {C}artesian grid},
  journal={J. Comp. Phys.},
  volume={184},
  year={2003},
  pages={1-36},
  }

@article{BalajiMenon:2016,
  author={Balaji Muralidhara and Suresh Menon},
  title={A high-order adaptive {C}artesian cut-cell method for
         simulation of compressible viscous flow over immersed bodies},
  journal={J. Comp. Phys.},
  volume={321},
  year={2016},
  pages={342-368},
  }

@article{Popinet:Gerris,
  author={S. Popinet},
  title={Gerris: A tree-based adaptive solver for the incompressible
        {E}uler equations in complex geometries},
  journal={J. Comp. Phys.},
  volume={190},
  number={2},
  year={2002},
  pages={572-600},
  }

@article{Popinet:2015,
  author={S. Popinet},
  title={A quadtree-adaptive multigrid solver for the {S}erre-{G}reen-{N}aghdi
        equations},
  journal={J. Comp. Phys.},
  volume={302},
  year={2015},
  pages={336-358},
  }

@article{GlimsdalEtAl:NHESS,
  author={S. Glimsdal and G.K. Pedersen and C.B. Harbitz and F. L{\o}vholt},
  title={Dispersion of tsunamis: does it really matter?},
  journal={Nat. Hazards Earth Syst. Sci.},
  volume={13},
  year={2013},
  pages={1507-1526},
  }

@article{Popinet:NHESS,
  author={S. Popinet},
  title={Adaptive modelling of long-distance wave propagation and
      fine-scale flooding during the {T}ohoku tsunami},
  journal={Nat. Hazards Earth Syst. Sci.},
  volume={12},
  year={2012},
  pages={1213-1227},
  }

@article{Khokhlov:ftt,
  author={A.M. Khokhlov},
  title={Fully Threaded Tree Algorithms for Adaptive Refinement Fluid
         Dynamics Simulations},
  journal={J. Comp. Phys.},
  volume={143},
  number={2},
  year={1998},
  pages={519-543},
  }

@article{Zalesak:FCT,
  author={S. T. Zalesak},
  title={Fully multidimensional flux-corrected transport algorithms for fluids},
  journal={J. Comp. Phys.},
  volume={31},
  year={1979},
  pages={335-362},
  }

@article{Gooch,
  author={C. Ollivier-Gooch},
  title={Quasi-{ENO} Schemes for Unstructured Meshes Based on Unlimited
         Data-Dependent Least-Squares Reconstruction},
  journal={J. Comp. Phys.},
  volume={133},
  year={1997},
  }

@article{Peskin:1972,
  author={C. S. Peskin}, 
  title={Flow patterns around heart valves:a numerical method},
  journal={J. Comp. Phys.},
  volume={10},
  year={1972},
  pages={252-271},
  }
@article{Peskin:1977,
  author={C. S. Peskin}, 
  title={Numerical analysis of blood flow in the heart},
  journal={J. Comp. Phys.},
  volume={25},
  year={1977},
  pages={220-252},
  }

@article{weno,
  author={X. Liu and S. Osher and T. Chan},
  title={Weighted essentially non-oscillatory schemes},
  journal={J. Comp. Phys.},
  volume={115},
  year={1994},
  pages={200-212},
  }

@article{kdw-2008,
  author={Ethan J. Kubatko and Clint Dawson and Joannes J. Westerink},
  title={Time step restrictions for {R}unge-{K}utta discontinuous
  {G}alerkin methods on triangular grids},
  journal={J. Comp. Phys.},
  volume={227},
  year={2008},
  pages={9697-9710},
  }


@article{jcp_yesterday,
  author={D. Kuzmin and S. Turek},
  title={High-resolution {FEM-TVD} schemes based on a fully multidimensional
               flux limiter},
  journal={J. Comp. Phys.},
  volume={198},
  no={1},
  year={2004},
  pages={131-158},
  }

@article{vanleer:muscl,
  author={B. van Leer},
  title={Toward the ultimate conservative difference scheme. {V}. A second 
	order sequel to {G}odunov method},
  journal={J. Comp. Phys.},
  volume={32},
  year={1979},
  pages={101-136},
  }

@article{hubbard:multid,
     author={M.E. Hubbard},
     title={Multidimensional Slope Limiters for {MUSCL}-Type Finite
	     Volume Schemes on Unstructured Grids},
  journal={J. Comp. Phys.},
  volume={155},
  year={1999},
  pages={54-74},
  }



 @article{abgrall:recon,
   author={Remi Abgrall},
   title={On essentially non-oscillatory schemes on unstructured meshes:
     analysis and implementation},
   journal={J. Comp. Phys.},
   volume={114},
   no={1},
   month={Sept.},
   pages={45-58},
   Year={1994},
   }

@article{Colella:Glaz,
   author={Phil Colella and Harland Glaz},
   title={Efficient solution algorithms for the {R}iemann problem for
   real gases},
   journal={J. Comp. Phys.},
   volume={59},
   no={2},
   month={June},
   pages={264-289},
   Year={1985},
   }

@article{NASA-Lewis:AMR,
   author={E. Steinthorsson and D. Modiano and P. Colella},
   title={Computations of Unsteady Viscous flows Using Solution Adaptive
   Mesh Refinement in Curvilinear Body-Fitted Grid Systems},
   journal={AIAA-94-2330},
   month={June},
   Year={1994},
   }


@article{VanAlbada,
   author={G.D. van Albada and B. van Leer and W.W. Roberts},
   journal={Astron and Astrophys},
   volume={108},
   no={76},
   Year={1982},
   }



@article{Gustafsson,
   title={The Convergence Rate for Difference Approximations to Mixed
   Initial Boundary Value Problems},
   author={S.P. Spekreijse},
   journal={Math. Comp.},
   volume={29},
   no={130},
   Year={1975},
   pages={396-406},
   }

@article{Spekreijse,
   title={Multigrid Discretization of Monotone Second-Order 
          Discretizations of Hyperbolic Conservation Laws},
   author={S.P. Spekreijse},
   journal={Math. Comp.},
   volume={49},
   no={179},
   Year={1987},
   }



@article{Goodman-Leveque:Geometric,
   title={A Geometric Approach to High Resolution {TVD} Schemes},
   author={J.B. Goodman and R.J. LeVeque},
   journal={SIAM J. Num. Anal.},
   volume={25},
   no={2},
   Year={1988},
   }

@article{tvdrk,
  title={Total variation diminishing Runge-Kutta schemes},
  author={S. gottlieb and C.-W. Shu},
  journal={Math. Comp.},
  volume={67},
  year={1998},
  number={221},
  pages={73-85},
}

@article{Goodman-Leveque:2dtvd,
   title={On the accuracy of stable schemes for 2D scalar conservation laws},
   author={J.B. Goodman and R.J. LeVeque},
   journal={Math. Comp.},
   volume={45},
   Year={1985},
   pages={15-21},
   }


@article{Sweby,
   title={High Resolution Schemes Using Flux Limiters for Hyperbolic
	  Conservation Laws},
   author={P.K. Sweby},
   journal={SIAM J. Num. Anal.},
   volume={21},
   no={5},
   Year={1984},
   }


@article{Harten:tvd,    
   author={A. Harten}, 
   title={High resolution schemes for hyperbolic conservation laws},
   journal={J. Comp. Phys.}, 
   volume={49}, 
   Year={1983},
   pages={357-393},
   }

@article{Venkat,    
   author={V. Venkatakrishnan}, 
   title={Convergence to Steady State Solutions of the {E}uler Equations 
	 on Unstructured Grids with Limiters},
   journal={J. Comp. Phys.}, 
   volume={118}, 
   no={1}, 
   Year={1995},
   pages={120-130},
   }
 

@article{bell-dawson-shubin,
  author =       "J.B. Bell and C.N. Dawson and G.R. Shubin",
  title =        "An Unsplit Higher Order Godunov Method for Scalar Conservation Laws in
                  Multiple Dimensions", 
  journal =      "J. Comput. Phys.",
  volume =       "74",
  year =         "1988",
  pages =        "362--397",
}


@article{Front-tracking:LBL,
   author={J.B. Bell and P. Colella and M. Welcome},
   title={Conservative front tracking for inviscid compressible flow},
   journal={AIAA-91-1560},
   month={June},
   Year={1991},
   pages={814-822},
   }

@article{Powell:bc,
   author={W.J. Coirier and K. G. Powell},
   title={An accuracy assessment of {C}artesian-mesh approaches
	 for the {E}uler equations},
   journal={AIAA-93-3335},
   month={July},
   Year={1993},
   }

@article{Powell:dz,
   author={D. DeZeeuw and K. Powell},
   title={An adaptively refined {C}artesian mesh solver for the {E}uler
          equations},
   journal={AIAA-91-1542},
   month={June},
   Year={1991},
   }

@article{LLNL:Cartesian,
   author={R.B. Pember and J.B. Bell and P. Colella and W.Y.
           Crutchfield and M.W. Welcome},
   title={Adaptive {C}artesian Grid Methods for Representing Geometry in
          Inviscid Compressible Flow},
   journal={AIAA-93-3385},
   month={July},
   Year={1993},
   }

@article{Melton:Enomoto-Berger,
   author={J. Melton and F. Enomoto and M.J. Berger},
   title={3{D} Automatic {C}artesian Grid Generation for {E}uler Flows},
   journal={AIAA-93-3386},
   month={July},
   Year={1993},
   }

@article{Melton:Berger,
   author={J. Melton and M. Aftosmis and M. Berger and M. Wong},
   title={3{D} Applications of a {C}artesian Grid {E}uler Method},
   journal={AIAA-95-0853},
   month={Jan.},
   Year={1995},
   }

@article{Brehm:bvp4,
 author={C. Brehm and O. Browne and N. Ashton},
 title={Towards a Viscous Wall Model for Immersed Boundary Methods},
 journal={AIAA-2018-1560}, 
 month={Jan.}, 
 year={2018},
 }

@article{Murman-Aftosmis-Berger,
 author={S. Murman and M. J. Aftosmis and M. J.  Berger},
 title={Implicit Approaches for Moving Boundaries in a 3-D {C}artesian
 Method},
 journal={AIAA-2003-1119}, 
 month={Jan.}, 
 year={2003},
 }

@article{Murman-Aftosmis-Berger2,
  author={S. Murman and M. J. Aftosmis and M. J.  Berger},
  title={Simulations of store separation from an F/A-18 with a Cartesian method},
  journal={Jol. of Aircraft}, 
  vol={41},
  month={Jul.-Aug.},
  pages={870-879},
  year={2004},
  }
  

@article{Berger-Aftosmis,
 author={M. J. Berger and M. J. Aftosmis},
 title={Progress Towards a {C}artesian Cut-Cell Method for Viscous Compressible Flow, with an
 {A}ppendix by {S}teve {A}llmaras},
 journal={AIAA-2012-1301}, 
 month={Jan.}, 
 year={2012},
 }

@article{Berger-Aftosmis:vp2,
 author={M.J. Berger and M.J. Aftosmis},
 title={An ODE-based Wall Model for Efficient {RANS} Simulations},
 journal={AIAA-2017-0528}, 
 year={2017},
 month={Jan.},
 note={2017 SciTech, Grapevine, TX},
 }

@misc{Zeng:cutcelllimiters,
 author={Xianyi Zeng},
 title={A general approach to enhance slope limiters on non-uniform
 grids},
 journal={arXiv:1301.0967}, 
 year={2013, preprint},
 }

@article{Berger-Aftosmis-Murman,
 author={M. J. Berger and M. J. Aftosmis and S. Murman},
 title={Analysis of Slope Limiters on Irregular Grids},
 journal={AIAA-2005-0490}, 
 month={Jan.}, 
 year={2005},
 }

@article{Aftosmis-Berger-Gedas,
 author={M. J. Aftosmis and M. J. Berger and G. Adomavicius},
 title={A Parallel Multilevel Method for Adaptively Refined {C}artesian Grids with        Embedded Boundaries},
 journal={AIAA-2000-0808}, 
 year={2000},
 }

@inproceedings{Berger-Aftosmis-Gedas,
 author={M.J. Berger and M.J. Aftosmis and G. Adomavicius},
 title={Parallel Multigrid on {C}artesian Meshes with Complex Geometry},
 booktitle={Computational Fluid Dyhamics: Trends and Applications, 
           Proc. Parallel {CFD} Conf., Trondheim},
 publisher={Elsevier},
 year={2001},
 }

@article{Melton-Aftosmis-Berger:reno2,
 author={M.J. Aftosmis and M.J. Berger and J. Melton},
 title={Robust and Efficient {C}artesian Mesh Generation for
 Component-Based Geometry},
 journal={AIAA-97-0196}, 
 month={Jan.}, 
 year={1997},
 }

@article{nakahashi-kim,
 author={K. Nakahashi and L.S. Kim},
 title={Building-Cube Method for Large-Scale, High Resolution Flow
 Computations},
 journal={AIAA-2004-0423}, 
 year={2004},
 }

@article{coles,
 author={Donald Coles},
 title={The law of the wake in the turbulent boundary layer},
 journal={J. Fluid Mechanics}, 
 volume={1},
 year={1956},
 }

@article{balarasEtAl:1996,
  author={E. Balaras and C. Benocci and U. Piomelli},
  title={Two-Layer Approximate Boundary Conditions for Large-Eddy Simulations},
  journal={AIAA Journal},
  volume={34},
  number={6},
  pages={1111-1119},
  year={1996},
}

@article{yangEtAl:2016,   
  author={X. Yang and J. Sadique and R. Mittal and C. Meneveau},
  title={Integral Wall Model for Large Eddy Simulations of 
         Wall-bounded Turbulent Flows},
  journal={Physics of Fluids},
  volume={27},
  year={2015},
}

@article{KangIaccarinoMoin,
 author={S. Kang and G. Iaccarino and P. Moin},
 title={Accurate Immersed-Boundary Reconstructions for Viscous Flow
        Simulations},
 journal={AIAA Journal}, 
 volume={47},
 number={7},
 pages={1750-1760},
 year={2009},
 }

@article{swafford,
 author={T.W. Swafford},
 title={ Analytical Approximation of Two-Dimensional Separated Turbulent Boundary-Layer Velocity Profiles},
 journal={AIAA Journal}, 
 volume={21},
 number={6},
 year={1983},
 }

@article{SondakPletcher,
 author={D.L. Sondak and R.H. Pletcher},
 title={ Application of Wall Functions to Generalized Nonorthogonal Curvilinear
 Coordinate Systems},
 journal={AIAA Journal}, 
 volume={33},
 number={1},
 year={1995},
 }

@article{Frink_98,
 author={Neal T. Frink},
 title={Tetrahedral Unstructured Navier-Stokes Method for Turbulent
 Flows },
 journal={AIAA Journal}, 
 volume={36},
 number={11},
 year={1998},
 }

@article{aftosmis:bolide2016,
 author={M.J. Aftosmis and D.L. Mathias and M. Nemec and M.J. Berger},
 title={Numerical simulation of bolide entry with ground footprint
 prediction},
 journal={AIAA-2016-0998}, 
 year={2016},
 }

@article{Melton-Aftosmis-Berger:aiaaj,
 author={M. J. Aftosmis and M. J. Berger and J. Melton},
 title={Robust and Efficient {C}artesian Mesh Generation for
 Component-Based Geometry},
 journal={AIAA Journal}, 
 volume={36},
 year={1998},
 }
}
@article{NicholsNelson,
 author={R.H. Nichols and C. C. Nelson},
 title={Wall Function Boundary Conditions Including  Heat Transfer and
 Compressibility},
 journal={AIAA Journal}, 
 volume={42},
 number={6},
 year={2004},
 }

@article{delanaye-99:reno,
 author={M. Delanaye and M. Aftosmis and M. Berger and
	Y. Liu and T. Pulliam},
 title={Automatic Hybrid-{C}artesian Grid Generation for
 High-{R}eynolds
 Number Flows around Complex Geometries},
 journal={AIAA-99-0777}, 
 month={Jan.}, 
 year={1999},
 }

@article{Melton-Aftosmis:Berger,
 author={M. Aftosmis and J. Melton and M.J. Berger},
 title={Adaptation and Surface Modeling for {C}artesian Mesh Methods},
 journal={AIAA-95-1725}, 
 note={12th AIAA Computational Fluid Dynamics Conference}, 
 month={June}, 
 year={1995},
 }

@article{aft-visc,
   author={M. Aftosmis},
   title={Upwind Method for Simulation of Viscous Flow on Adaptively
             Refined Meshes},
   journal={AIAA Journal},
   volume={32},
   number={2},
   month={Feb.},
   Year={1994},
   }

@article{aftosmis:acc,
   author={M. Aftosmis and D. Gaitonde and T. S. Tavares},
   title={On the accuracy, stability and monotonicity of various
       reconstruction algorithms for unstructured meshes},
   journal={AIAA-94-0415},
   month={Jan.},
   Year={1994},
   }

@article{wendroff:white,
   author={B. Wendroff and A. White},
   title={Supraconvergent schemes for hyperbolic equations on irregular
   grids},
   journal={Notes on Numerical Fluid Mechanics},
   volume={24},
   year={1989},
}

@article{MarcoBjorn,
  author={M. Kupiainen and B. Sj\"ogreen},
  title={A {C}artesian Embedded Boundary Method for the Compressible
       Navier-Stokes Equations},
  journal={J. Scientific Comp.},
  volume={41},
  number={1},
  year={2009},
  pages={94-117},
  }

@article{SjogreenPetersson,
author={B. Sj\"ogreen and N.A. Petersson},
title={A {C}artesian Embedded Boundary Method for Hyperbolic
       Conservation Laws"},
journal={Comm. Comp. Physics},
volume={2},
pages={1199-1219},
year={2007},
}

@techreport{Nichols,    
  author={R. H. Nichols},
  title={Turbulence Models and Their Application to Colex Flows},
  institution={University of Alabama at Birmingham},
  number={iRev. 3.0},
  month={April},
  year={1996},
  }

@techreport{Forrer:hbox,
  author={H. Forrer},
  title={Boundary Treatment for a {C}artesian Grid Method},
  institution={ETH},
  number={96-04},
  month={April},
  year={1996},
  }

@techreport{vanGarrel,
  author={A. van Agarrel},
  title={Integral Boundary Layer Methods for Wind Turbine Aerodynamics},
  institution={Netherlands Agency for Energy and the Environment},
  number={ECN-C-04-004},
  month={Dec.},
  year={2003},
  }


@techreport{Baden,
  author={J.R. Pilkington and S.B. Baden},
  title={Partitioning with Spacefilling Curves},
  institution={UC San Diego},
  number={CS94-349},
  month={March},
  year={1994},
  }




@article{Salmon,
   author={J.K. Salmon and M.S. Warren and G.S. Winckelmans},
   title={Fast parallel tree codes for gravitational and fluid
   dynamical {N}-body problems},
   journal={Intl. J. Supercomp. Appl.},
   volume={8},
   no={2},   
   Year={1994},
   }





@techreport{Roe:irregular,
  author={Phil Roe},
  title={Error Estimates for Cell-Vertex Solutions of the Compressible
         {E}uler Equations},
  institution={ICASE},
  number={87-6},
  month={Jan.},
  year={1987},
  }
  


@article{Dougherty,
   author={F.C. Dougherty and J. Kuan},
   title={Transonic Store Separation Using a Three-Dimensional
   {C}himera Grid Scheme},
   journal={AIAA-89-0637},
   Year={1989},
   }



@article{Meakin,
   author={R. Meakin},
   title={Moving Body Overset Grid Methods for Complete Aircraft
   Tiltrotor Simulations},
   journal={AIAA-93-3350},
   Year={1993},
   }




@article{FPM,
   author={L. Formaggia and J. Peraire and K. Morgan },
   title={Simulation of a Store Separation Using the Finite Element
   Method},
   journal={Appl. Math. Mod.},
   volume={12},   
   Year={1988},
   }



@article{ALE,
   author={J. Baum and H. Luo and R. L\"{o}hner},
   title={A New {ALE} Adaptive Unstructured Methodology for the
   Simulation of Moving Bodies },
   journal={AIAA-94-0414},
   Year={1994},
   }




@article{DadoneGrossman:compFl2007,
   author={A. Dadone and B. Grossman},
   title={Ghost-cell method for analysis of inviscid three-dimensional
   flows on {C}artesian grids},
   journal={Computers \& Fluids},
   volume={36},
   pages={1513-1528},
   Year={2007},
   }

@article{DadoneGrossman,
   author={A. Dadone and B. Grossman},
   title={Ghost-Cell Method with far-field coarsening and
   mesh adaptation for {C}artesian grids},
   journal={Computers \& Fluids},
   volume={35},
   Year={2006},
   }

@article{Falcovitz,
   author={J. Falcovitz and G. Alfandary and G. Hanoch},
   title={A Two-Dimensional Conservation Laws Scheme for Compressible
   Flows with Moving Boundaries},
   journal={J. Comp. Phys.},
   volume={138},
   Year={1997},
   }



@inproceedings{pah,
   author={P.-O. Persson and M.J. Aftosmis and R. Haimes},
   title={On the use of Loop subdivision surfaces for surrogate
          geometry},
   booktitle={Proc. of the 15th Intl. Meshing Roundtable},
   city={Birmingham, AL},
   publisher={Springer-Verlag},
   year={2006},
   }

@inproceedings{HaimesAftosmis:surfTriCapri,
   author={R. Haimes and M.J. Aftosmis},
   title={On generating high quality ``water-tight" triangulations
   directly from {CAD}},
   booktitle={Proc. of the 8th Intl. Grid Conf.},
   city={Honolulu, HI},
   year={2002},
   }

@inproceedings{aftosmis:vki,
   author={M.J. Aftosmis},
   title={Solution adaptive {C}artesian Grid Methods},
   booktitle={Von Karman Institute Computational Fluid Dynamics Lectures Notes},
   year={1997},
   }

@inproceedings{barth:vki,
   author={T. Barth},
   title={Numerical Methods and Error Estimation for Conservation Laws on 
	     Structured and Unstructured Meshes},
   booktitle={Von Karman Institute Computational Fluid Dynamics Lectures Notes},
   year={2003},
   }

@article{barth:recon,
   author={Tim Barth and Paul Frederickson},
   title={Higher order solution of the {E}uler equations on unstructured
   grids using quadratic reconstruction},
   journal={AIAA-90-0013},
   year={1990},
   }

@article{barth-jespersen,
   author={Tim Barth and Dennis Jespersen},
   title={The design and application of upwind schemes on unstructured meshes},
   journal={AIAA-89-0366},
   year={1989},
   }


@article{barth:recon2,
   author={Tim Barth},
   title={Recent developments in high order k-exact reconstruction on
   unstructured meshes},
   journal={AIAA-93-0668},
   year={1993},
   }

@article{IGES:info,
   author={Kent Reed},
   title={The Initial Graphics Exchange Specification ({IGES}) Version 5.1},
   publisher={National Computer Graphics Association - IGES/PDES
   Organization},
   City={Fairfax, Va.},
   month={Sept.},
   Year={1991},
   }

@book{Hackbusch,
  author={Wolfgang Hackbusch},
  title={Multi-Grid Methods and Applications},
  publisher={Springer-Verlag},
  year={1985},
  }

@book{KaysCrawford,
  author={W. Kays and M. Crawford and B. Weigand},
  title={Convective Heat and Mass Transfer},
  publisher={McGraw-Hill},
  year={2005},
  }

@book{Foley:VanDam,
  author={Foley and van Dam and Feiner and Hughes},
  title={Computer graphics,  principles and practice},
  publisher={Addison Wesley},
  year={1990},
  }

@book{NURB:info,
  author={G. Farin},
  title={Curves and surfaces for computer aided geometric design, a
  practical guide},
  publisher={Academic Press},
  year={1988},
  }

@inproceedings{almgren:almgren,
  title={Phase Field Instabilities and Adaptive Mesh refinement}, 
  author={R. Almgren and A. S. Almgren},
  booktitle={Modern Methods for Modeling Microstructure in Materials},  
  publisher={TMS-SIAM},
  month={Oct.},
  year={1995},
  note={Proc. TMS meeting, Cleveland, Ohio},
  }

@inproceedings{Berger-Leveque:stable,
  title={Stable Boundary Conditions for {C}artesian Grid Calculations}, 
  author={M.J. Berger and R.J. LeVeque},
  booktitle={Proc. Symposium on Computational Technology for Flight
         Vehicles, Pergamon Press},  
  month={Nov.},
  year={1990},
  note={ICASE Report No. 90-37},
  }



@article{MedicEtAl,
   title={Adaptive Wall Functions with Applications},
   author={G. Medic and  G. Kalitzin and  G. Iaccarino and E. van der Weide},
   journal={AIAA-2006-3744},
   year={2006},
   }

@article{Rumsey,
   title={Turbulence Modeling Verification and Validation},
   author={Christopher L. Rumsey},
   journal={AIAA-2014-0201},
   year={2014},
   note={52nd Aerospace Sciences Meeting, National Harbor, MD },
   }

@article{MughalDrela,
   title={A calculation method for the three-dimensional boundary-layer equations in integral form},
   author={B. Mughal and M. Drela},
   journal={AIAA-1993-0786},
   montgh={Jan.},
   year={1993},
   }

@techreport{ICASE:workshop,
   title={ICASE/LaRC Workshop on Adaptive Grid Methods},
   editor={J. South, Jr., and J. Thomas and J.Van Rosendale},
   month={Nov.},
   year={1994},
   number={NASA CP 3316},
   institution={ICASE},
   }

@inproceedings{Berger:LeVeque2,
   author={M.J. Berger and R.J. LeVeque},
   title={{C}artesian meshes and adaptive mesh refinement for hyperbolic
   partial differential equations},
   booktitle={Proc. Third Intl. Conf. Hyperbolic Problems},
   year={1990},
   }


@inproceedings{Berger:Forrer,
   author={H. Forrer and M.J. Berger},
   title={Flow Simulations on {C}artesian Grids involving Complex
   Moving Geometries},
   booktitle={Proc. Intl. Conf. Hyperbolic Problems},
   year={1998},
   month={Feb.},   
   note={Zurich, Switzerland},
   }



@inproceedings{almgren:IMACS,
   author={A. Almgren and J. Bell and P. Colella and L. Howell},
   title={An Adaptive Projection Method for the Incompressible
             {N}avier-{S}tokes equations},
   booktitle={Proc. {IMACS} 14th World Conference},
   year={1994},
   month={July},
   address={Atlanta, GA},
   }

@inproceedings{Berger:Melton,
   author={M.J. Berger and J. Melton},
   title={An Accuracy Test of a {C}artesian Grid Method 
             for Steady Flow in Complex Geometries},
   booktitle={Proc. Fifth Intl. Conf. Hyperbolic Problems},
   year={1994},
   note={Stonybrook, NY; Also, RIACS Report 95-02}
   }

@article{Melton:Tiger,
   author={J. Melton and S. Thomas and G. Cappuccio},
   title={Unstructured {E}uler Flow Solutions Using Hexahedral Cell
   Refinement},
   journal={AIAA-91-0637},
   month={Jan.},
   year={1991},
   note={29th Aerospacing Mtg., Reno, Nevada},
      }

@book{Thompson:Grids,
  author={J. Thompson},
  title={Numerical Grid Generation},
  publisher={North-Holland},
  year={1982}}

@article{Langley:guys,
    author={R. Gaffney and H. Hassan and M. Salas},
    title={{E}uler calculations for wings using {C}artesian grids},
    Journal={AIAA-87-0356},
    Month={Jan.},
    year={1987},
    }
  
@article{Langley:guys2,
    author={D. K. Clarke and M. D.  Salas and H. Hassan},
    title={{E}uler calculations for multielement airfoils using 
	    {C}artesian grids},
    journal={AIAA Journal},
    volume={24},
    pages={353-358},
    No={3},
    year={1986},
    }

@article{Steger:Chimaera,
  author={J. Steger and Benek and Dougherty},
  title={A Flexible Grid Embedding Technique with Application to the
      {E}uler Equations},
  journal={AIAA-83-1944},
  note={6th Computational Fluid Dynamics Conf., Danvers, Mass},
  Month={July},
  Year={1983},
  }

@ARTICLE{merkleAthavale:dualTimeStepping,
  Author={C.L. Merle and M. Athavale},
  title={Time-accurate unsteady incompressible flow algorithms based on
      artificial compressibility},
  journal={AIAA-87-1137},
  year={1987},
  }

@ARTICLE{Jameson:multigrid,
  Author={A. Jameson},
  title={Solution of the {E}uler equations for two dimensional transonic
  flow by a multigrid method},
  journal={Appl. Math.Comput.},
  volume={13},
  pages={327-356},
  year={1983},
  }

@ARTICLE{Jameson:dualTimeStepping,
  Author={A. Jameson},
  title={Time dependent calculations using multigrid, with applications
  to unsteady flows past airfoils and wings},
  journal={AIAA-91-1596},
  year={1991},
  }

@ARTICLE{Jameson:scheme,
  Author={A. Jameson and W. Schmidt and E. Turkel},
  title={Numerical Solutions of the {E}uler Equations by Finite Volume
  Methods Using {R}unge-{K}utta Time-Stepping Schemes},
  journal={AIAA-81-1259},
  }

@ARTICLE{jameson:scheme2,
  Author={A. Jameson},
  title={Analysis and Design of Numerical Schemes for Gas
  Dynamics 2: Artificial Diffusion and Discrete Shock Structure},
  journal={{\rm {S}ubmitted to} Intl. J. Comp. Fluid Dynamics},
  year={1994},
  }

@ARTICLE{lohner:cutcells,
Author = {R. Tilch and A. Tibbal and M. Zhu and F. Decker  and R. L\"{o}hner},
Title = "Combination of Body-fitted and embedded grids for External
Aerodynamics",
Journal = "AIAA-2007-1300",
Year = "2007"}


@ARTICLE{lohner:baum,
Author = {J. D. Baum and R. L\"{o}hner},
Title = "Numerical Design of a Passive Shock Deflector Using an Adaptive
Finite Element Scheme on Unstructured Grids",
Journal = "AIAA-92-0448",
Year = "1992"}

@INPROCEEDINGS{aspects,
Author = "M.J. Berger and M.J. Aftosmis",
Title = "Aspects (and aspect ratios) of {C}artesian Mesh Methods",
Booktitle="Proc. $16^{th}$ Intl. Conf. Num. Meth. Fluid Dyn.,  Lecture
Notes in Physics",
volume={515},
Month={July},
Publisher={Springer-Verlag},
Year = "1987"}

@INPROCEEDINGS{Jameson:mavriplis,
Author = "D. J. Mavriplis and A. Jameson",
Title = "Multigrid Solution of the {E}uler Equations on Unstrucured and
Adaptive Meshes",
Booktitle="Proc. Third Copper Mountain Conf. Multigrid Methods, Lecture
Notes in Pure and Applied Mathematics",
Note = {ICASE Report No. 87-53},
Year = "1987"}

@article{Epstein:3D,
   author={B. Epstein and A. Luntz and A. Nachschon},
   title={{C}artesian {E}uler Method for Arbitrary Aircraft Configurations},
   journal={AIAA Journal},
   year={1992},
   month={March},
   volume={30(3)},
   pages={679-687}}


@article{PeraireEtAl:advancingFront,
  author={C. Gumbert and M. Vahdati and K. Morgan and O.C. Zienkiewicz},
  title={Adaptive Remeshing for Compressible Flow Computations},
  journal={J. Comp. Phys.},
  volume={72},
  year={1987},
  pages={449-466},
  }

@article{Lohner:Parikh,
  author={R. L\"{o}hner and P. Parikh},
  title={Generation of Three-Dimensional Unstructured Grids by the
  Advancing-Front Method},
  journal={Intl. J. Num. Methods in Fluids},
  volume={8},
  year={1988},
  pages={1135-1149},
  }

@article{Ji-Lien-Yee,
  author={H. Ji and F-S. Lien and E. Yee},
  title={An Efficient Second-Order Accurate Cut-Cell Method for Solving
  the Variable Coefficient Poisson Equation with Jump Conditions on
  Irregular Domains},
  journal={Intl. J. Num. Methods in Fluids},
  volume={52},
  year={2006},
  }


@article{farhat:fiver2011,
  author={X. Zeng and C. Farhat},
  title={A systematic approach for constructing higher-order immersed
  boundary and ghost fluid methods for fluid-structure interaction problems},
  journal={J. Comp. Phys.},
  volume={231},
  year={2011},
  pages={2892-2923},
  }

@article{seoMittal:JCP2011,
  author={J.H.Seo and R. Mittal},
  title={A sharp-interface immersed boundary method with improved
  mass conservation and reduced spurious pressure oscillations},
  journal={J. Comp. Phys.},
  volume={230},
  year={2011},
  pages={7347-7363},
  }

@article{udaykumarEtAl:JCP2001,
  author={H.S. Udaykumar and R. Mittal and P. Rampunggoon and A. Khanna},
  title={A sharp interface {C}artesian grid method for simulating flows
  with complex moving boundaries},
  journal={J. Comp. Phys.},
  volume={174},
  year={2001},
  pages={345-380},
  }

@article{ye-mittal-udaykumar-shyy,
  author={T. Ye and R. Mittal and H.S. Udaykumar and W. Shyy},
  title={An Accurate {C}artesian Grid Method for Viscous Incompressible
  Flows with Complex Immersed Boundaries},
  journal={J. Comp. Phys.},
  volume={156},
  year={1999},
  pages={209-240},
  }

@article{Ham-Lien-Strong,
  author={ F.E. Ham and F.S.Lien and A.B.Strong},
  title={A {C}artesian Grid Method with Transient Anisotropic
  Adaptation},
  journal={J. Comp. Phys.},
  volume={179},
  year={2002},
  }

@article{johansen-colella,
  author={H.S. Johansen and P. Colella},
  title={A {C}artesian Grid Embedded Boundary Method for Poisson's
  Equation on Irregular Domains},
  journal={J. Comp. Phys.},
  volume={147},
  year={1998},
  }

@article{TRANAIR:ref,
  author={D. Young and R. Melvin and M. Bieterman and F. Johnson and 
	 S. Samant and J. Bussoletti},
  title={A locally refined rectangular grid finite element method:
  application to computational fluid dynamics and computational physics},
  journal={J. Comp. Phys.},
  month={Jan.},
  year={1991},
  }

@techreport{DTNURBS:DTNURBS,
   author={{Boeing Computer Services}},
   title={The {DTNURBS} Spline Geometry Subprogram Library User's
   Manual, Version 2.0},
   editor={U.S. Navy, David Taylor Model Basin},
   city={Bethesda, Md.},
   month={Oct.},
   year={1992},
   }


@article{Bell-Berger-Saltzman-Welcome:3-D_AMR,
   author={J. Bell and M. J. Berger and J. Saltzman and M. Welcome},
   title={Three Dimensional Adaptive Mesh Refinement for Hyperbolic 
          Conservation Laws},
   journal={SIAM J. Sci. Stat.},
   year={1994},
   month={Jan.},
   volume={15},
   pages={127-138},
   }
   
@article{Berger-Colella:2-D_AMR,
   author={M. J. Berger and P. Colella},
   title={Local Adaptive Mesh Refinement for Shock Hydrodynamics},
   journal={J. Comp. Physics},
   year={1989},
   volume={82},
   pages={64-84}   }

@article{Henderson-Colella-Puckett:2-D_Multimaterial,
   author={L. F. Henderson and P. Colella and E. G. Puckett},
   title={On the Refraction of Shock Waves at a Slow-Fast Gas Interface},
   journal={Journal of Fluid Mechanics},
   year={1991},
   volume={224},
   pages={1-27}}

@article{Berger-Oliger:Adaptive_Mesh,
   author={M. J. Berger and J. Oliger},
   title={Adaptive Mesh Refinement for Hyperbolic Partial Differential
   Equations},
   journal={J. Comp. Physics},
   year={1984},
   volume={53},
   pages={482-512} }

@article{LLNL:Cartesian-in,
   author={A.S. Almgren and J.B. Bell and P. Colella and T. Marthaler},
   title={A {C}artesian Grid Projection Method for the Incompressible
         {E}uler Equations in Complex Geometries},
   journal={SIAM J. Sci. Comp.},
   volume={18},
   number={5},
   year={1999},
   pages={1289-1309},
   }

@article{oliger:zhu,
   author={J. Oliger and X. Zhu},
   title={Stability and Error Estimation for Component Adaptive Grid Methods},
   journal={J. Comp. Appl. Math, to appear},
   note={Also, RIACS Report 94.14, Aug., 1994},
   year={1996},
   }

@techreport{Ruffert:Collisions,
   author={M. Ruffert},
   title={Collisions between a white dwarf and a main-sequence star  
     {II}. {S}imulations using multiple nested refined grids.},
   year={1992},
   type={Preprint},
   number={MPA 657},
   note={Submitted to Astronomy and Astrophysics},
   institution={Max Planck Institute for Astrophysics, Garching},
   month={March}}
   
@phdthesis{tan:thesis,
   author={Tan Nguyen},
   title={Automatic Translation of MPI Source into a Latency-Tolerant
   Form},
   school={University of California, San Diego},
   year={2014},
   }

@phdthesis{cicotti:thesis,
   author={Pietro Cicotti},
   title={A Programming Model for Latency-Hiding Scientific
   Computations},
   school={University of California, San Diego},
   year={2011},
   }


@phdthesis{Mandli:thesis,
   author={K.T. Mandli},
   title={Finite Volume Methods for the Multilayer Shallow Water Equations with
   Applications to Storm Surges},
   school={University of Washington},
   year={2011},
   }

@phdthesis{Gooch:thesis,
   author={Carl Ollivier-Gooch},
   title={Solution of the Navier-Stokes Equations on Locally-Refined Cartesian Meshes},
   school={Stanford University},
   year={1993},
   }

@phdthesis{Coirier:thesis,
   author={W.J. Coirier},
   title={An Adaptively Refined, {C}artesian, Cell-Based
       Scheme for the {E}uler and {N}avier-{S}tokes Equations},
   school={University of Michigan},
   year={1994},
   }

@phdthesis{Marshall:thesis,
   author={David Marshall},
   title={Extending the functionalities of 
      {C}artesian Grid Solvers: Viscous Effects, Modeling and MPI
      Parallelization},
   school={Georgia Institute of Technology},
   year={2002},
   }

@phdthesis{Lee:thesis,
   author={Jae-doo Lee},
   title={Develoment of an Efficient Viscous Approach in a 
      {C}artesian Grid Framework and Application to Rotor-Fuselage
      Interaction},
   school={Georgia Institute of Technology},
   year={2006},
   }


@phdthesis{minion:thesis,
   author={M. Minion},
   title={Two Methods for the Study of Vortex Patch Evolution on Locally
   Refined Grids},
   school={University of California, Berkeley},
   month={May},
   year={1994}},

@phdthesis{Roma:Thesis,
   author={A. Roma},
   title={A Multilevel Self Adaptive Version of the Immersed Boundary
   Method},
   school={New York University},
   month={Jan.},
   year={1996}}

@phdthesis{Oksuzoglu:thesis,
   author={H. Oksuzoglu},
   title={State Vector Splitting: a Numerical Scheme for the {E}uler Equations},
   school={Stanford University},
   year={1992}}

@article{zj1,
   author={Z. J. Wang and R.F. Chen},
   title={Anisotropic Solution-Adaptive Viscous {C}artesian Grid Method for
   Turbulent Flow Simulation},
   journal={AIAA Journal},
   year={2002},
   month={Oct.},
   volume={40},
   pages={1969-1978}}

@article{WangChen:2000,
   author={Z. J. Wang and R.F. Chen},
   title={Anisotropic {C}artesian Grid Method for Viscous Turbulent Flow},
   journal={AIAA-2000-0395},
   year={2000}}
  


@article{hws:2008,
author = {Daniel J. Hartmann and Matthias Meinke and Wolfgang Schroder},
title = {An adaptive multilevel multigrid formulation for {C}artesian
hierarchical grid methods},
journal = {Computers and Fluids},
volume = {37},
pages = {1103-1125},
year = {2008}
}

@article{hws:2011,
author = {Daniel J. Hartmann and Matthias Meinke and Wolfgang Schroder},
title = {A strictly conservative  {C}artesiancut-cell method for
compressible viscous flows on adaptive grids},
journal = {Comput. Methods Appl. Mech. Engrg.},
volume = {200},
pages = {1038-1052},
year = {2011}
}

@article{shws:2011,
author = {Lennart Schneiders and Daniel J. Hartmann and 
          Matthias Meinke and Wolfgang Schroder},
title = {An accurate moving boundary formulation in
        cut-cell methods},
journal = {J. Comp. Phys.},
volume = {235},
pages = {786-8092},
year = {2013}
}

@article{cecereGiacomazzi,
author = {D. Cecere and E. Giacomazzi},
title = {An immersed volume method for large eddy simulation of
compressible flows using a staggered-grid approach},
journal = {Comput. Methods Appl. Mech. Engrg.},
volume = {280},
pages = {1-27},
year = {2014}
}


@article{zj:1998,
author = {Z. J. Wang},
title = {A Quadtree-Based Adaptive {C}artesian/Quad Grid Flow Solver for Navier-Stokes Equations},
journal = {Computers and Fluids},
volume = {27},
number={4},
pages = {529-549},
year = {1998}
}

@inproceedings{ZJ:viscous,
   author={Z.J. Wang and M.J. Berger},
   title={Towards Automatic Grid Independent Viscous Solutions
    with an Adaptive {C}artesian/Quad Grid Flow Solver},
   booktitle={Proc. 15th Intl. Conf. Num. Meth. Fluid Dyn.},
   address={Monterrey, CA},
   month={June},
   year={1996}},

@inproceedings{Bayyuk:Rutgers,
   author={S.A. Bayyuk and K.G. Powell and B. van Leer},
   title={An Algorithm for Simulation of Flows with Moving Boundaries
    and Fluid-Structure Interactions},
   booktitle={Proc. 1st AFOSR Conf. on Dynamic Motion {CFD}},
   month={June},
   year={1996}},



@phdthesis{Bayyuk:Thesis,
   author={S. Bayyuk},
   title={{E}uler Flows with Arbitrary Geometries and Moving Boundaries},
   school={University of Michigan},
   year={1999}},

@phdthesis{Quirk:Thesis,
   author={J. Quirk},
   title={An adaptive grid algorithm for computational shock hydrodynamics},
   school={College of Aeronautics, Cranfield Institute of Technology},
   year={1991}},


@techreport{quirk:cart,
       author={J.J. Quirk},
       title={An alternative to unstructured grids for computing gas
       dynamics flows around arbitrarily complex two dimensional
       bodies},
       institution={{ICASE}},
       number={92-7},
       year={1992},
       }

@techreport{amr:comb,
       author={R. Pember et al},
       title={The Modeling of a Laboratory Natural Gas-Fired Furnace
       with a Higher-Order Projection Method for Unsteady Combustion},
       institution={{LLNL}},
       number={UCRL-JC-123244},
       month={Feb.},
       year={1996},
       }

@techreport{3damr:curv,
       author={R. Pember and J. Greenough and P. Colella},
       title={An Adaptive, Higher-Order {G}odunov Method for Gas Dynamics
       in Three-Dimensional Orthogonal Curvilinear Coordinates},
       institution={{LLNL}},
       number={UCRL-JC-123351},
       month={Feb.},
       year={1996},
       note={Submitted to J. Comp. Phys},
       }

@inproceedings{McCormick-Quinlan:DGRPDE,
   author={S. McCormick and D. Quinlan},
   title={Dynamic Grid Refinement for Partial Differential Equations on
     Parallel Computers},
   booktitle={Proc. 7th Intl. Conf. Finite Element
     Methods in Flow Problems},
   organization={University of Alabama},
   month={April},
   year={1989}}   

@techreport{Kallinderis-Vidwans:Parallel-NS,
  author={Y. Kallinderis and A. Vidwans},
  title={Parallel Adaptive-Grid Navier-Stokes Algorithm Development and
    Implementation},
  institution={University of Texas at Austin},
  year={1992},
  note={Preprint}}

@inproceedings{Gropp-Keyes:SemiStruc,
   author={W. Gropp and D. Keyes},
   title={Semi-Structured Refinement and Parallel Domain Decomposition
      Methods},
   booktitle={Unstructured Scientific Computation on Scalable
      Multiprocessors},
   organization={MIT Press},
   editor={P. Mehrotra, J. Saltz and R. Voigt},
   year={1992}}

@article{Gropp-Keyes:DomDecomp,
   author={W. Gropp and D. Keyes},
   title={Domain Decomposition with Local Mesh Refinement},
   journal={SISSC},
   year={1992},
   volume={13(4)},
   month={July}}



@inproceedings{McCormick-Quinlin:DGRPDE,
   author={C. \"{O}zturan and B. Szymanski and J.Flaherty},
   title={Adaptive Methods and Rectangular Partitioning Problem},
   booktitle={Proceedings of Scalable High Performance Computing Conference},
   month={April},
   address={Williamsburg,Va.},
   year={1992}}
     
@phdthesis{Biswas:Thesis,
   author={R. Biswas},
   title={Parallel and Adaptive Methods for Hyperbolic PDES},
   school={RPI},
   year={1991}},

@techreport{Williams:Parallel-Meshes,
  author={R. Williams},
  title={Adaptive Parallel Meshes with Complex Geometry},
  institution={California Institute of Technology},
  year={1991},
  number={CCSF-7-91}}

@article{Williams:Load-Balance,
   author={R. Williams},
   title={Performance of dynamic load balancing algorithms for unstructured
     mesh calculations},
   journal={Concurrency: Practice and Experience},
   year={1991},
   month={Oct.},
   volume={3(5)},
   pages={457-481}}
   
@inproceedings{Berger:AMR-Parallel,
   author={M. J. Berger},
   title={Adaptive Mesh Refinement for Parallel Processors},
   booktitle={Proceedings of 1987 SIAM Conference on Parallel Processing},
   month={Dec.},
   address={Los Angeles, CA},
   year={1987}}
   
@inproceedings{Biswas-Flaherty:Rutgers,
   author={R. Biswas and J. Flaherty},
   title={Parallel and Adaptive Methods for Hyperbolic Partial Differential 
      Equations},
   booktitle={Proceedings of the 7th IMACS International Conference on 
      Computer Methods for Partial Differential Equations},
   address={New Brunswick, NJ},
   month={June},
   year={1992}}

@inproceedings{Cerutti-Trease:CM_Code,
   author={J. Cerutti and H. Trease},
   title={The Free-{L}agrange Method on the {C}onnection {M}achine},
   booktitle={Proceedings of the Next Free-Lagrange Conference},
   editor={H. Trease, J. Fritts, W. Crowley},
   address={Copper Mountain, Colorado},
   year={1991}}
   
@techreport{Lubeck-Simmons-Wasserman:Performance,
   author={O. Lubeck and M. Simmons and H. Wasserman},
   title={The Performance Realities of Massively Parallel Processors:
     A Case Study},
   institution={Los Alamos National Laboratory},
   year={1992},
   type={Preprint},
   note={Submitted to IEEE Supercomputing '92},
   address={Los Alamos, NM},
   number={LA-UR-92-1463}}
   
@techreport{Crutchfield:Load_Balance,
  author={W. Crutchfield},
  title={Load Balancing Irregular Algorithms},
  institution={Lawrence Livermore National Laboratory},
  year={1991},
  month={July},
  type={Preprint},
  address={Livermore, CA},
  number={UCRL-JC-107679}}

@techreport{Crutchfield:Parallel,
  author={W. Crutchfield},
  title={Parallel Adaptive Mesh Refinement: An Example of Parallel Data
    Encapsulation},
  institution={Lawrence Livermore National Laboratory},
  year={1991},
  month={July},
  type={Preprint},
  note={Submitted to Concurrency, Practice and Experience},
  address={Livermore, CA},
  number={UCRL-JC-107680}}

@article{Barth-Hammond:Euler,
   author={S. W. Hammond and T. J. Barth},
   title={An Efficient Massively Parallel {E}uler Solver for 
          Unstructured Grids},
   journal={AIAA Journal},
   year={1992},
   month={April},
   volume={30(4)},
   pages={947-952}}
   
@book{Hillis:CM,
  author={W. D. Hillis},
  title={The Connection Machine},
  publisher={MIT Press},
  year={1985}}

@article{Colella-Woodward:PPM,
  author={P. Colella and P. Woodward},
  title={The Piecewise Parabolic Method ({PPM}) for Gas-Dynamical Simulations},
  journal={J. Comp. Phys.},
  year={1984},
  volume={54(1)},
  pages={174-201}}


  
@article{Colella:Unsplit,
  author={P. Colella},
  title={Multidimensional Upwind Methods for Hyperbolic Conservation Laws},
  journal={J. Comp. Physics},
  year={1990},
  volume={87},
  pages={171-200}}

@inproceedings{Dahl:Fast-Graph,
   author={E. D. Dahl},
   title={Mapping and Compiled Communication on the {C}onnection {M}achine System},
   booktitle={Proceedings of The Fifth Distributed Memory Computering
     Conference},
   month={April},
   year={1990}}

@inproceedings{Berger-Saltzman:AMR-Parallel,
   author={M. J. Berger and J. Saltzman},
   title={A{M}{R} on the {C}{M}-2},
   booktitle={Proceedings of Workshop on Adaptive Computational Methods},
   note={To appear, Applied Num. Math.},
   month={June},
   address={Troy, NY},
   year={1992}}


@article{Berger-Rigoutsos:clustering,
   author={M. J. Berger and I. Rigoutsos},
   title={An Algorithm for Point Clustering and Grid Generation},
   journal={IEEE Trans. Sys. Man and Cyber.},
   year={1991},
   volume={21},
   month={Sept./Oct.},
   no={5},
   pages={1278-1286}   }


@article{berger:jameson,
   title={An adaptive multigrid method for the {E}uler equations},
   author={M. Berger and A. Jameson},
   Journal={Lecture Notes in Physics},
   volume={218},
   year={1984},
   }

@article{mavriplis:mg,
   title={Three dimensional unstructured multigrid for the {E}uler equations},
   author={D. Mavriplis},
   Journal={AIAA-91-1349},
   month={June},
   Year={1991},
   }

@book{mccormick:mg,
   author={S. McCormick},
   title={Multilevel Adaptive Methods for Partial Differential Equations},
   publisher={SIAM},
   year={1989},
   }

@book{Spekreijse:mg,
  author={S.P. Spekreijse},
  title={Multigrid Solution of the Steady {E}uler Equations},
  Note={PhD Thesis},
  City={Centrum voor Wiskunde en Informatica, Amsterdam},
  year={1987},
  }

@article{rider-constrained,
      author = {W. J. Rider and D. B. Kothe},
      title = {Constrained Minimization for Monotonic Reconstruction},
      Journal = {AIAA-97--2036},
      year = {1997},
   }


@article{Sidilkover:thesis,
  author={David Sidilkover},
  title={Multigrid Solution to Steady State Problems with Discontinuities},
  note={PhD Thesis, Weizmann Institute},
  year={1989},
  }

@article{Sidilkover:copper,
  author={D. Sidilkover and U.M. Ascher},
  title={Multigrid Solver for {N}avier-{S}tokes Equations on Non-staggered grids},
  note={6th Copper Mtn. Conference},
  month={April},
  year={1993},
  }

@techreport{saltzman:ben,
  title={Monotonic Difference Schemes for the Linear Advection 
	  Equation in Two and Three Dimensions},
  author={J. Saltzman },
  number={87-2479},
  year={1987},
  institution={Los Alamos National Laboratory},
  }

@techreport{chern:colella,
  author={I. Chern and P. Colella},
  title={A Conservative Front Tracking Method for Hyperbolic
  Conservation Laws},
  number={UCRL-97200},
  month={July},
  year={1987},
  institution={Lawrence Livermore National Laboratory},
  }

@article{vof:colella,
  author={P. Colella and D.T. Graves and B.J. Keen and D. Modiano},
  title={A {C}artesian grid embedded boundary method for hyperbolic
  conservation laws},
  journal = {J.\ Comp.\ Phys.},
  volume={211},
  pages = {347-366},
  year={2006},
  }

@inproceedings{woodward:astro,
  author={P. Woodward},
  title={Piecewise Parabolic Methods for Astrophysical Fluid Dynamics},
  booktitle={Astrophysical Radiation Hydrodynamics},
  editor={K.-H. Winkler and M. Norman},
  year={1986},
}


@techreport{phil-lbl-software:cart,
   author={P. Colella and D.T. Graves and T. Ligocki and D. Trebotich
   and B.V.Straalen},
   title={Embedded boundary algorithms and software for partial
   differential equations},
   year={2008},
   number={125 012084},
   type={Preprint},
   institution={J. Phys. Conf. Series},
   }
   
@techreport{llnl:cart,
   author={R. Pember and J. Bell and P. Colella and W. Crutchfield and
   M. Welcome},
   title={An adaptive {C}artesian grid method for unsteady compressible
      flow in complex geometries},
   year={1993},
   number={UCRL-JC-115650},
   type={Preprint},
   institution={Lawrence Livermore National Laboratory},
   }
   

@phdthesis{Melton:Thesis,
   author={J. Melton},
   title={Automated Three-Dimensional {C}artesian Grid Generation and
        {E}uler Flow Solutions for Arbitrary Geometries},	
   year={ 1996},
   month={June},
   school={U.C. Davis},
   }

@article{Kreiss:white,
   author={H. O. Kreiss and T. A. Manteuffel and B. Swartz and B.
      Wendroff and A. B. White, Jr.},
   title={Supraconvergent schemes on irregular grids},
   journal={Math. Comp.},
   volume={47},
   no={537},
   Year={1986},
   }

@article{Kreiss:white2,
   author={B. Wendroff and A.B. White},
   title={A supraconvergent scheme for nonlinear hyperbolic systems},
   journal={Comput. Math. Appl.},
   volume={18},
   no={761},
   Year={1989},
   }

@article(CGCN94,
   author = "G. Chesshire and W. D. Henshaw",
   title = "A Scheme for Conservative Interpolation on Overlapping Grids",
   journal = SISC,
   volume ="15",
   number = "4",
   pages = "819--845",
   month = July,
   year = 1994) 

@article(henshaw:kreiss_pao,
  title={A Solution Adaptive Solver for the Navier-Stokes equations for
         All-Speed Flows},
  author={W.D. Henshaw and H.-O. Kreiss and K. Pao},
    type={In preparation}
    )

@inproceedings(shewchuk:cg,
  title={Robust Adaptive Floating-Point Geometric Predicates},
  author={J. R. Shewchuk},
  month={May},
  year={1996},
  booktitle={Proc. 12th Annual ACM Symp. Comp. Geometry},
  )


@article(yap:cg,
  title={Symbolic Treatment of Geometric Degeneracies},
  author={C. Yap},
  year={1990},
  journal={Journal of Symbolic Computation},
  volume={10},
  )

@article{sos:mucke,
author={H. Edelsbrunner and E. Mucke},
title={Simulation of Simplicity: a Technique to Cope with Degenerate
       Cases in Geometric Algorithms},
journal={ACM Symp. on Computational Geometry},
year={1986},
volume={4},
}

@article{sos2:mucke,
author={H. Edelsbrunner and E. Mucke},
title={Simulation of Simplicity: a Technique to Cope with Degenerate
       Cases in Geometric Algorithms},
journal={ACM Transactions on Graphics},
year={1990},
month={Jan.},
pages={66-104},
volume={9},
}


@article{ibl3:drela,
  author={M. Drela},
  title={Three-Dimensional Integral Boundary Layer Formuation for General Configurations},
  month={June},
  year={2013},
  journal={21 AIAA {CFD} Conf., AIAA 2013-2437},
  note={San Diego, CA},
}

@techreport{ibl3c:drela,
  author={M. Drela},
  title={A Four-Equation Integral 3D Boundary Layer Formuation},
  month={July},
  year={2013},
  }

@techreport{Boeing:boundary_layer,
  author={M. Bieterman et al (Boeing) and M. Drela (MIT)},
  title={Boundary Layer Coupling in a General Configuration Full
        Potential Code},
  institution={Boeing},
  number={BCSTECH-94-032},
  month={Aug.},
  year={1994},
  }

@phdthesis{Drela:thesis,
   author={M. Drela},
   title={Two-Dimensional Transonic Aerodynamic Design and Analysis
   Using the {E}uler equations},
   school={M.I.T.},
   year={1985},
   }

@phdthesis{stern:thesis,
  author="L. G. Stern",
  title="An Explicitly Conservative Method for Time-Accurate Solution of
 Hyperbolic Partial Differential Equations on Embedded Chimera Grids",
  year="1996",
  school="University of Washington"
}

 @techreport(brislawnEtAL:1995,
    author = "K. D. Brislawn and D. Brown and G. Chesshire and J.  Saltzman",
    title = "Adaptively--Refined Overlapping Grids for the Numerical
Solution of SYstems of Hyperbolic Conservations Laws",
    type = "{LANL} Unclassified Report" ,
    number = "LA-UR-257",
    institution = "Los Alamos National Laboratory",
    note ="Proceedings of ICASE/Langley Conference on Adaptive Meshes",
    year = 1995)




@article{article:Berger85,
author = {M.J.~Berger},
title = {Stability of interfaces with mesh refinement},
journal = {Math.\ Comp.},
volume = {45},
pages = {301-318},
year = {1985}
}
@misc{article:BHL02,
author = {M.J.~Berger and C.~Helzel and R.J.~LeVeque},
title = {{$H$}-box methods for the approximation of hyperbolic conservation
laws on irregular grids},
note = {Preprint 2002-022, Conservation law preprint server,
{\tt http://www.math.ntnu.no/conservation/2002/} }}

@article{article:BeLe89,
author = {M.J.~Berger and R.J.~LeVeque},
title = {An adaptive {C}artesian mesh algorithm for the {E}uler equations in
arbitrary geometries},
journal = {AIAA paper AIAA-89-1930},
pages = {305-311},
year = {1989}
}
@article{article:BeLe91,
author = {M.J.~Berger and R.J.~LeVeque},
title = {A rotated difference scheme for {C}artesian grids in complex
geometries},
journal = {AIAA Paper CP-91-1602},
year = {1991}
}
@article{article:BeLe90,
author = {M.J.~Berger and R.J.~LeVeque},
title = {Stable boundary conditions for {C}artesian grid calculations},
journal = {Computing Systems in Engineering},
volume = {1},
pages = {305-311},
year = {1990}
}
@inproceedings{article:BeLe90b,
author = {M.J.~Berger and R.J.~LeVeque},
title = {Cartesian meshes and adaptive mesh refinement for hyperbolic
partial differential equations},
booktitle = {Proc.\ 3rd Intl.\ Conf.\ Hyperbolic Problems, Uppsala, Schweden},
year = {1990}
}
@inproceedings{article:BLS94,
author = {M.J.~Berger and R.J.~LeVeque and L.G.~Stern},
title = {Finite volume methods for irregular one-dimensional grids},
booktitle = {Mathematics of Computation 1943-1993: {A} half century of
computational mathematics, Proc.\ of Symposia in Applied Mathematics},
volume = {48},
pages = {255-259},
year = {1994}
}
@article{article:CaLe00,
author = {D.~Calhoun and R.J.~LeVeque},
title = {A {C}artesian grid finite-volume method for the advection diffusion
equation in irregular geometries},
journal = {J.\ Comput.\ Phys.},
volume = {157},
pages = {143-180},
year = {2000}
}
@article{article:FAH97,
author = {J.~Falcovitz and G.~Alfandary and G.~Hanoch},
title = {A two-dimensional conservation laws scheme for compressible flows
with moving boundaries},
journal = {J.\ Comput.\ Phys.},
volume = {138},
pages = {83-102},
year = {1997}
}
@article{article:FoJe98,
author = {H.~Forrer and R.~Jeltsch},
title = {A high-order boundary treatment for {C}artesian-grid methods},
journal = {J.\ Comput.\ Phys.},
volume = {140},
pages = {259-277},
year = {1998}
}
@article{article:GKS72,
author = {B.~Gustafsson and H.-O.~Kreiss and A.~Sundstr{\"o}m},
title = {Stability Theory of Difference Approximations for Mixed Initial
Boundary Value Problems. {II} },
journal = {Math.\ Comp.},
volume = {26},
pages = {649-686},
year = {1972}
}
@article{article:KMS86,
  author="H. O. Kreiss and T. A. Manteuffel and B. Swartz and B. Wendroff
  and A. B. White",
  title="Supra-convergent schemes on irregular grids",
  journal={Math.\ Comp.},
  volume="47",
  year="1986",
  pages="537-554"
}
@article{article:MaWh86,
  author="T. A. Manteuffel and {White, Jr.}, A. B.",
  title="The numerical solution of second-order boundary value problems on
         nonuniform meshes",
  journal={Math.\ Comp.},
  volume="47",
  pages="511-535",
  year="1986"
}

@article{article:LeVeque82,
author = {R.J.~LeVeque},
title = {Large time step shock-capturing techniques for scalar conservation
laws},
journal = {SIAM J.\ Numer.\ Anal.},
volume = {19},
pages = {1091-1109},
year = {1982}
}
@article{article:LeVeque84,
author = {R.J.~LeVeque},
title = {Convergence of a large time step generalization of {G}odunov's method
for conservation laws},
journal = {Comm.\ Pure Appl.\ Math.},
volume = {37},
pages = {463-477},
year = {1984}
}
@article{article:LeVeque85,
author = {R.J.~LeVeque},
title = {A large time step generalization of {G}odunov's method for systems
of conservation laws},
journal = {SIAM J.\ Numer.\ Anal.},
volume = {22},
pages = {1051-1073},
year = {1985}
}
@article{article:LeVeque88a,
author = {R.J.~LeVeque},
title = {High resolution finite volume methods on arbitrary grids via
wave propagation},
journal = {J.\ Comput.\ Phys.},
volume = {78},
pages = {36-63},
year = {1988}
}
@inproceedings{article:LeVeque88b,
author = {R.J.~LeVeque},
title = {Cartesian grid methods for flow in irregular regions},
booktitle = {Numerical Methods for Fluid Dynamics III},
editor = {K.W.~Morton and M.J.~Baines},
publisher = {Clarendon Press},
pages = {375-382},
year = {1988}
}
@book{book:LeVeque90,
author = {R.J.~LeVeque},
title = {Numerical Methods for Conservation Laws},
publisher = {Birkh{\"a}user Verlag},
year = {1990}
}
@misc{claw,
 author = {R.J.~LeVeque},
 title = {{\claw} software},
 note = {available from \\
	{\tt http://www.amath.washington.edu/~claw/}}
}
@book{book:LeVeque02,
author = {R.J.~LeVeque},
title = {Finite Volume Methods for Hyperbolic Problems},
publisher = {Cambridge University Press},
year = {2002}
}
@article{article:LeVeque96,
author = {R.J.~LeVeque},
title = {High-resolution conservative algorithms for advection in
incompressible flow},
journal = {SIAM J.\ Numer.\ Anal.},
volume = {33},
pages = {627-665},
year = {1996}
}
@inproceedings{article:MoCo00,
author = {D.~Modiano and P.~Colella},
title = {A higher-order embedded boundary method for time dependent
simulation of hyperbolic conservation laws},
booktitle = {Proceedings of the FEDSM 00 - ASME Fluids Engineering
Simulation Meeting},
year = {2000}
}
@article{article:Morton98,
author = {K.W.~Morton},
title = {On the analysis of finite volume methods for evolutionary problems},
journal = {SIAM J.\ Numer.\ Anal.},
volume = {35},
pages = {2195-2222},
year = {1998}
}
@article{article:PBCCW95,
author = {R.B.~Pember and J.B.~Bell and P.~Colella and W.Y.~Crutchfield
amd M.L.Welcome},
title = {An adaptive {C}artesian grid method for unsteady compressible
flow in irregular regions},
journal = {J.\ Comput.\ Phys.},
volume = {120},
pages = {278-304},
year = {1995}
}
@article{article:Pike87,
author = {J.~Pike},
title = {Grid adaptive algorithms for the solution of the {E}uler equations
on irregular grids},
journal = {J.\ Comput.\ Phys.},
volume = {71},
pages = {194-223},
year = {1987}
}
@article{article:Quirk94,
author = {J.J.~Quirk},
title = {An alternative to unstructured grids for computing gas dynamic
flows around arbitrarily complex two-dimensional bodies},
journal = {Computers Fluids},
volume = {23},
pages = {125-142},
year = {1994}
}
@article{article:Roe81,
author = {P.L.~Roe},
title = {Approximate {R}iemann solver, parameter vectors, and difference
schemes},
journal = {J.\ Comput.\ Phys.},
volume = {43},
pages = {357-372},
year = {1981}
}
@article{article:S-RCG93,
author = {C.W.~Schultz-Rinne and J.P.~Collins and H.M.~Glaz},
title = {Numerical solution of the {R}iemann-problem for two-dimensional gas
dynamics},
journal = {SIAM J.~Sci.~Comput.},
volume = {14},
pages = {1394-1414},
year = {1993}
}

@phdthesis{phd:stern96,
author = {L.G.~Stern},
title = {An explicit conservative method for time accurate solution
of hyperbolic partial differential equations on embedded {C}himera grids},
school = {University of Washington},
year = {1996},
note = { {\tt ftp://www.amath.washington.edu/pub/~rjl/students/stern:thesis.ps.gz}}
}
@article{article:vanLeer74,
author = {B.\ van Leer},
title = {Towards the ultimate conservative difference scheme {II}.
{M}onotonicity and conservation combined in a second order scheme},
journal = {J.\ Comput.\ Phys.},
volume = {14},
pages = {361-370},
year = {1974}
}
@article{article:WeWh89,
author = {B.~Wendroff and A.B.~White},
title = {A supraconvergent scheme for nonlinear hyperbolic systems},
journal = {Comput.\ Math.\ Appl.},
volume = {18},
pages = {761-767},
year = {1989}
}
@inproceedings{article:WeWh88,
author = {B.~Wendroff and A.B.~White},
title = {Some supraconvergent schemes for hyperbolic equations on nonuniform
grids},
booktitle = {Proc.\ Second International Conference on Hyperbolic Problems,
Aachen},
pages = {671-677},
year = {1988}
}


@Article{mjb-rjl:amrclaw,
  author =       "M. J. Berger and R. J. LeVeque",
  title =        "Adaptive Mesh Refinement using Wave-Propagation
                 Algorithms for Hyperbolic Systems",
  journal =      "SIAM J. Numer. Anal.",
  volume =       "35",
  year =         "1998",
  pages =        "2298--2316",
}
@article{rjl-li:sinum,
  author="R. J. LeVeque and Z. Li",
  title="The Immersed Interface Method for Elliptic Equations with
   Discontinuous Coefficients and Singular Sources",
  journal="SIAM J. Numer. Anal.",
  volume="31",
  pages="1019-1044",
  year="1994"
} 
@misc{rjl-li:stokes,
  author="R. J. LeVeque and Z. Li",
  title="Immersed interface methods for {S}tokes flow with elastic
  boundaries or surface tension",
  howpublished="to appear in SIAM J. Sci. Comput.",
  note=" \\ ({\tt
  ftp://amath.washington.edu/pub/rjl/papers/rjl-li:stokes})"
} 
@article{kamatsuchi,
  author =       "T. Kamatsuchi",
  title =        "Turbulent Flow Simulation around Complex Geometries
                 with {C}artesian Grid Method",
  journal = "AIAA -2007-1459",
  year =         "2007",
}

@phdthesis{oliver-phd-thesis-adapt-dg-rans-turb-model,
        Author = {Todd A. Oliver},
        School = {Massachusetts Institute of Technology},
        Title = {A High-Order, Adaptive, Discontinuous Galerkin Finite Element Method for the
                 Reynolds-Averaged Navier-Stokes Equations},
        Year = 2008
}


@article{Persson:Peraire,
  title =       "Curved Mesh Generation and Mesh Refinement using
                   {L}agrangian Solid Mechanics",
  author =       "Per-Olof Persson and Jaime Peraire",
  journal =      "AIAA-2009-949",
  year =         "2009",
}

@article{coles79,
        Author = {Donald Coles and Alan J. Wadcock},
        Date-Added = {2016-05-31 15:30:43 +0000},
        Date-Modified = {2016-05-31 15:32:54 +0000},
        Journal = {{AIAA} Journal},
        Keywords = {Turbulent, separation, NACA 4412, TMR},
        Month = {April},
        Number = {4},
        Pages = {321-329},
        Title = {Flying-Hot-Wire Study of Flow Past an NACA 4412 Airfoil at Maximum Lift},
        Volume = {17},
        Url = {http://dx.doi.org/10.2514/3.61127},
        Year = {1979}
}

"references.bib" line 5294 of 5308 --99%-- col 10


@article{Diskin2015,
        Annote = {doi:10.2514/6.2015-3605},
        Author = {Boris Diskin and James L. Thomas and Christopher L. Rumsey and Axel Schw{\"o}ppe},
        Booktitle = {53th AIAA Aerospace Sciences Meeting},
        Date-Added = {2016-05-29 13:20:06 +0000},
        Date-Modified = {2016-05-29 13:23:04 +0000},
        Journal = {{AIAA P}aper 2015--1746},
        Keywords = {TMR, verification, CFL3D, NACA 0012, TAU, },
        M1 = {0},
        M3 = {doi:10.2514/6.2015-1746},
        Month = {January},
        Publisher = {American Institute of Aeronautics and Astronautics},
        Title = {Grid Convergence for Turbulent Flows},
        Url = {http://dx.doi.org/10.2514/6.2015-1746},
        Year = {2015}}

@article{HaradaEtAl:2016,
  author =       "M. Harada and Y. Tamaki and Y. Takahashi and T.  Imamura",
  title =        "A Novel Simple Cut-Cell Method for Robust Flow Simulation
                 On {C}artesian Grids",
  journal =      "AIAA-2016-0601",
  year =         "2016",
}
@article{Burg,
  author =       "C. O. E.  Burg",
  title =        "Higher Order Variable Extrapolation for Unstructured 
                 Finite Volume RANS Flow Solvers",
  journal =      "AIAA-2005-4999",
  year =         "2005",
}

@article{bond-blottner-aiaa2007,
  author =       "Ryan B. Bond and Frederick G. Blottner",
  title =        "A Compressible Wall-Layer Approach Compatible with
                 Various Turbulence Models",
  journal =      "AIAA-2007-1410",
  year =         "2007",
}
@article{marshall-ruffin-aiaa2004,
  author =       "David D. Marshall and Stephen M. Ruffin",
  title =        "A New Inviscid Wall Boundary Condition Treatment for
  Embeddded boundary Cartesian Grid Schemes",
  journal =      "AIAA-2004-583",
   month={Jan.},
   year={2004},
   note={42nd Aerospacing Mtg., Reno, Nevada},
}

@article{bond-blottner-ijnmf11,
  author =       "R. B. Bond and Frederick G. Blottner",
  title =        "Derivation, Implementation, and Initial Testing
                 of a Compressible Wall-Layer Model",
  journal =      "Intl. J. Num. Methods Fluids",
  volume =         "66",
  pages =         "1183--1206",
  year =         "2011",
}

@article{Holst87,
        Author = "Terry L. Holst",
        Date-Added = {2011-11-17 14:44:44 -0800},
        Date-Modified = {2011-11-17 14:48:13 -0800},
        Journal = {{AIAA P}aper 1987-1460},
        Keywords = {viscous, transonic, airfoil, RAE, NACA},
        Month = {June},
        Title = {{V}iscous {T}ransonic {A}irfoil {W}orkshop {C}ompendium of {R}esults},
        Year = {1987}}

@phdthesis{PiercePhD97,
        Author = {Niles A. Pierce},
        Date-Added = {2011-08-26 09:33:45 -0700},
        Date-Modified = {2011-08-26 09:36:12 -0700},
        Month = {August},
        School = {University of Oxford},
        Title = {Preconditioned Multigrid Methods for Compressible Flow Calculations on Stretched
                 Meshes},
        Type = {{Ph.D}},
        Year = {1997}}


@Misc{sa_pc,
  author =       "Steve Allmaras",
  howPublished =  {Private communication},
}

@article{SA,
  author =       "P. Spalart and S. Allmaras",
  title =        "A One Equation Turbulence Model for Aerodynamic Flows",
  journal = "AIAA-92-0439",
  year =         "1992",
}
@article{SA2,
  author =       "S. Allmaras",
  title =        "Multigrid for the 2-D compressible Navier-Stokes equations",
  journal = "AIAA-99-3336",
  year =         "1999",
}

@article{mjb-rjl:aiaa89,
  author =       "M. Berger and R. J. LeVeque",
  title =        "An adaptive {C}artesian mesh algorithm for the {E}uler
                 equations in arbitrary geometries",
  journal = "AIAA-89-1930",
  year =         "1989",
  pages =        "1--7",
}
@InProceedings{mjb-rjl:uppsala,
  author =       "M. Berger and R. J. LeVeque",
  title =        "Cartesian meshes and adaptive mesh refinement for
                 hyperbolic partial differential equations",
  booktitle =    "Proc. Third Int'l Conf. Hyperbolic Problems",
  editor =       "B. Engquist and B. Gustafsson",
  publisher =    "Studentlitteratur",
  address =      "Lund, Sweden",
  year =         "1990",
  pages =        "67--73",
}
@article{mjb-rjl:aiaa91,
  author =       "M. Berger and R. J. LeVeque",
  title =        "A Rotated Difference Scheme for {C}artesian Grids in
                 Complex Geometries",
  howpublished = "AIAA Conference on Computational Fluid Dynamics,
                 Honolulu, HI, CP-91-1602",
  year =         "1991",
}

@inproceedings{allmaras:hawaii,
  author =       "S.R. Allmaras and F.T. Johnson and P. R. Spalart",
  title =        "Modifications and Clarifications for the Implementation of
                  the Spalart-Allmaras Turbulence Model",
  BookTitle =    "Seventh Intl. Conf. on Computational Fluid Dynamics (ICCFD7)",
  month =        "July",
  year =         "2012",
  Note =          "Big Island, HI" ,
}
@Article{rjl-shyue:track2d,
  author =       "R. J. LeVeque and K.-M. Shyue",
  title =        "Two-dimensional front tracking based on high
                 resolution wave propagation methods",
  journal =      "J. Comput. Phys.",
  volume =       "123",
  year =         "1996",
  pages =        "354--368",
}
@Article{rjl-zhang:acou,
  author =       "C. Zhang and R. J. LeVeque",
  title =        "Immersed interface methods for wave equations with
                 discontinuous coefficients",
  journal =      "Wave Motion",
  year =         "1997",
  volume =       "25",
  pages =        "237--263",
}
@Article{wieg-li-rjl:cracks,
  author =       "A. Wiegmann and Z. Li and R. J. LeVeque",
  title =        "Crack jump conditions for elliptic problems",
  journal =      "Appl. Math. Letters",
  volume =       "12",
  year =         "1999",
  pages =        "81--88",
  note =         "\\ ({\tt
                 ftp://amath.washington.edu/pub/rjl/papers/aw-zl-rjl:crackjc.ps.gz})",
}

@Article{dc-rjl:advdiff,
  author =       "D. Calhoun and R. J. LeVeque",
  title =        "Solving the advection-diffusion equation in irregular
                 geometries",
  journal =      "J. Comput. Phys.",
  year =         "2000",
  volume =       "156",
  pages =        "1--38",
}
@Article{trf-rjl:acou,
  author =       "T. Fogarty and R. J. LeVeque",
  title =        "High-resolution finite volume methods for acoustics in
                 periodic or random media",
  journal =      "J. Acoust. Soc. Am.",
  year =         "1999",
  volume =       "106",
  pages =        "17--28",
}
@InProceedings{dc-rjl:ima99,
  author =       "R. J. LeVeque and D. Calhoun",
  title =        "Cartesian Grid Methods for Fluid Flow in Complex
                 Geometries",
  booktitle =    "Computational Modeling in Biological Fluid Dynamics",
  editor =       "L. J. Fauci and S. Gueron",
  series =       "IMA Volumes in Mathematics and its Applications",
  volume =       "124",
  publisher =    "Springer-Verlag",
  pages =        "117--143",
  year =         "2001",
}

@Article{rjl-ll:proj,
  author =       "L. Lee and R. J. LeVeque",
  title =        "An immersed interface method for incompressible
                 {Navier-Stokes} equations",
  journal =      "SIAM J. Sci. Comput.",
  volume =       "25",
  year =         "2003",
  pages =        "832--856",
}
@Article{mjb-hel-rjl:hbox,
  author =       "M. J. Berger and C. Helzel and R. J. LeVeque",
  title =        "{H}-box methods for the approximation of
                 one-dimensional conservation laws on irregular grids",
  journal =      "SIAM J. Numer. Anal.",
  volume =       "41",
  year =         "2003",
  pages =        "893--918",
}

@Article{mjb-hel-rjl:hbox2,
  author =       "C. Helzel and M. J. Berger and R. J. LeVeque",
  title =        "A high-resolution rotated grid method for conservation
                 laws with embedded geometries",
  journal =      "SIAM J. Sci. Comput.",
  volume =       "26",
  year =         "2005",
  pages =        "785--809",
}


@article{cal-hel-rjl:circles,
  author="D. A. Calhoun and C. Helzel and R. J. LeVeque",
  title="Logically rectangular finite volume grids and methods for
{``circular'' and ``spherical'' domains}",
  journal="SIAM Review",
  year="2008"
}
@Misc{claw.org,
  author =       "R. J. LeVeque and M. J. Berger and others",
  title =        "{\sc clawpack} software",
  note =         "{\tt www.clawpack.org}"
}


@misc{DOE:2007:CSSWReport,
key = "Computational  Subsurface Sciences Workshop",
title = "Report of the Computational Subsurface Sciences Workshop",
howpublished = "\\ {\tt http://subsurface2007.labworks.org/report}",
date = "Jan.2007"
}

@misc{clawpack,
    title={Clawpack software},
    author={{Clawpack Development Team}},
    url={http://www.clawpack.org},
    note={Version 5.4.0},
    doi={10.5281/zenodo.262111},
    year={2017}}
 
@misc{geoclaw:URL,
key = "{G}eo{Claw} {W}eb {S}ite",
title = "{G}eo{Claw} {W}eb {S}ite",
howpublished = "{\tt http://www.clawpack.org/geoclaw}",
URL = "http://www.geoclaw.org/",
}

@misc{Cart3d:URL,
key = "Cart3{D} {W}eb {S}ite",
title = "Cart3{D} {W}eb {S}ite",
howpublished = "{\tt
http://www.nas.nasa.gov/publications/software/docs/cart3d/pages/}",
URL = "http://www.nas.nasa.gov/publications/software/docs/cart3d/pages/",
}

@misc{TMR:URL,
key = "{T}urbulence {M}odeling {R}esource {W}eb {S}ite",
title = "{T}urbulence {M}odeling {R}esource {W}eb {S}ite",
howpublished = "{\tt http://turbmodels.larc.nasa.gov}",
URL = "http://turbmodels.larc.nasa.gov",
Year = {Last visited June, 2016}
}

@article{TMRpaper,
        Annote = {doi:10.2514/6.2015-3605},
        Author = {Christopher L. Rumsey and Brian R. Smith and George P. Huang},
        Date-Added = {2016-05-23 23:59:08 +0000},
        Date-Modified = {2016-05-24 00:01:51 +0000},
        Doi = {http://dx.doi.org/10.2514/6.2010-4742 },
        Journal = {{AIAA P}aper 2010-4742},
        Keywords = {verification, validation, website},
        M1 = {0},
        M3 = {doi:10.2514/6.2016-0998},
        Month = {June},
        Publisher = {American Institute of Aeronautics and Astronautics},
        Title = {Description of a Website Resource for Turbulence Modeling Verification and Validation},
        Url = {http://dx.doi.org/10.2514/6.2016-0998},
        Year = {2010}
}


 
@misc{EB-Chombo:URL,
key = "EB-Chombo {W}eb {S}ite",
title = "{EB-C}hombo {W}eb {S}ite",
howpublished = "{\tt http://crd.lbl.gov/assets/pubs\_presos/ebmain.pdf}",
URL = "http://crd.lbl.gov/assets/pubs\_presos/ebmain.pdf",
}
 
@misc{DOE:2008:BrownReport,
author="D. L. Brown and others",
title="Applied Mathematics at the U.S. Department of Energy: 
  Past, Present and a View to the Future",
howpublished = "{\tt http://brownreport.siam.org/Wiki\%20Pages/Home.aspx}",
date = "May 2008"
}
 
@article{Hansen:2008:Mesh,
author = "G. Hansen and S. Owen",
title = "Mesh generation technology for nuclear reactor simulation;
barriers and opportunities",
journal = " Nuclear Engineering and Design ",
volume  = " 238 ",
year    = " 2008 ",
pages   = " 2590--2605 "
}

@InProceedings{mjb-helz:fvca3,
  author =       "M. J. Berger and C. Helzel",
  title =        "Grid aligned $h$-box methods for conservation laws in
                 complex geometries",
  booktitle =    "Finite Volumes for Complex Applications III,
                 Porquerolles, France",
  editor =       "R. Herbin and D. {Kr\"oner}",
  publisher =    "Hermes Penton Ltd.",
  address =      "London",
  year =         "2002",
  pages =        "277--284",
}

@article{Bonet:Peraire,
        Author = {J. Bonet and J. Peraire},
        Title = {An alternating digital tree algorithm for geometric
        searching and intersection problems},
        Journal = {Int. J. Numer. Meth. Engg.},
        Number = {1},
        Pages = {1-17},
        Volume = {31},
        Year = {1991},
}

@article{Farhat:2002:A-faa,
        Author = {C. Farhat and U. Hetmaniuk},
        Journal = {Int. J. Numer. Meth. Engng.},
        Number = {9},
        Pages = {1309-1332},
        Title = {A fictitious domain decomposition method for the solution of partially axisymmetric acoustic scattering problems. {P}art {I}: {D}irichlet boundary conditions},
        Volume = {54},
        Year = {2002},
}

@article{Hetmaniuk:2003:A-fab,
        Author = {U. Hetmaniuk and C. Farhat},
        Journal = {Int. J. Numer. Meth. Engng.},
        Number = {1},
        Pages = {63-89},
        Title = {A fictitious domain decomposition method for the solution of partially axisymmetric acoustic scattering problems. {Part 2: N}eumann boundary co
nditions},
        Volume = {58},
        Year = {2003},
}

@article{Hetmaniuk:2003:A-faa,
        Author = {U. Hetmaniuk and C. Farhat},
        Journal = {Finite Elem. Anal. Des.},
        Number = {8},
        Pages = {707-725},
        Title = {A finite element-based fictitious domain decomposition method for the fast solution of partially axisymmetric sound-hard acoustic scattering problems},
        Volume = {39},
        Year = {2003},
}

@article{Farhat:2003:A-daa,
        Author = {C. Farhat and I. Harari and U. Hetmaniuk},
        Journal = {Comput. Methods Appl. Mech. Engrg.},
        Pages = {1389-1419},
        Title = {A discontinuous {G}alerkin method with {L}agrange multipliers for the solution of {H}elmholtz problems in mid-frequency regime},
        Volume = {192},
        Year = {2003},
}

@article{Farhat:2003:Theaa,
        Author = {C. Farhat and I. Harari and U. Hetmaniuk},
        Journal = {Comput. Methods Appl. Mech. Engrg.},
        Pages = {3195-3209},
        Title = {The discontinuous enrichment method for multiscale analysis},
        Volume = {192},
        Year = {2003},
}

@Article{ca:2002,
  author =     "D. Calhoun",
  title =     "A {C}artesian grid method for solving the
                  two-dimensional streamfunction-vorticity equations
                  in irregular regions",
  year =     "2002",
  journal =     "J. of Comput. Phys.",
  volume =     "176",
  pages =     "231--275"
} 

@misc{cart3d,
author = "M. Aftosmis and M. Berger and M. Nemec",
title="CART3D software",
howpublished="{\\ \tt http://people.nas.nasa.gov/~aftosmis/cart3d/}"
}

@misc{wi-ko-be:amr,
  author="A. Wissink and B. Kosovic and M. Berger and K. Chand and F.K.
Chow",
  title="Adaptive Cartesian Methods for modeling Airborne Dispersion",
  howpublished="Advanced
Computational Infrastructures for Parallel and Distributed Adaptive
Applications",
  editors = "A. Zomaya and M. Parashar and S. Chandra, X.Li",
  year="to appear"
}

@article{at-be-me:cartmesh,
  author="M.J.  Aftosmis and M.J. Berger and J.E. Melton",
  title="Robust and Efficient {C}artesian Mesh generation for Component-based
    Geometry",
  journal="AIAA Journal",
  volume="36",
  year="1998",
  pages="952-960"
}

@article{sutherland-ref,
  author={J.A. Fay and F.R. Riddell},
  title={Theory of Stagnation Point Heat Transfer in Dissociated Air },
  journal={J. Aeronaut. Sci.},
  volume={25},
  no={2},
  year={1958},
  pages={73-85},
  }

@article{af-be-mu:sfc,
  author="M.J.  Aftosmis and M.J. Berger and S.F. Murman",
  title="Applications of Space-filling Curves to {C}artesian Methods for
  {CFD}",
  journal="AIAA-2004-1232",
  year="2004",
}


@article{Capizzano:wallFunction,
  author="Francesco Capizzano",
  title="A Turbulent Wall Model for Immersed Boundary Methods",
  journal="AIAA-2010-712",
  year={2010},
}

@article{Capizzano:3daiaaJ,
  author="Francesco Capizzano",
  title="Turbulent Wall Model for Immersed Boundary Methods",
  journal={AIAA Journal}, 
  volume={49},
   number={11},
  year={2011},
}

@article{Capizzano:anisotropic,
  author="Francesco Capizzano",
  title="A Compressible Flow Simulation System Based on Cartesian Grids with
  Anisotropic Refinements",
  journal="AIAA-2007-1450-821",
}

@article{Capizzano:2013,
  author="Francesco Capizzano",
  title="Coupling a Wall Diffusion-Model With an Immersed Boundary Technique",
  journal="AIAA-2013-2715",
  year={2013},
}


@article{Iaccarino:IB,
 author="Gianluca Iaccarino and Georgi Kalitzin and Bahram Khalighi",
  title={Towards an Immersed Boundary RANS Flow Solver},
  journal="AIAA-2003-0770",
  year={2003},
}

@article{HuEtAl,
 author="Patrick Hu and Hongwu Zhao and Ramji Kamakoti and Nagendra
 Dittakavi and Liping Xue and Kan Ni and Shaolin Mao and David Marshall
 and Michael Aftosmis",
  title={Towards Efficient Viscous Modeling Based on Cartesian Methods for
  Automated Flow Simulation},
  journal={AIAA-2010-1472},
  year={2010},
}


@article{KnoppEtAl,
  author={Tobias Knopp and Thomas Alrutz and Dieter Schwamborn},
  title={A Grid and Flow Adaptive Wall-Function Method for RANS Turbulence
   Modelling},
  journal={J. Comp. Phys.},
  volume={220},
  year={2006},
  pages={19-40},
  }

@article{KalitzinEtAl,
  author={G. Kalitzin and M. Goradz and G. Iaccarino and P. Durbin},
  title={Near Wall Behavior of RANS Turbulence Models and Implications for Wall
     Functions},
  journal={J. Comp. Phys.},
  volume={204},
  year={2005},
  pages={265-291},
  }

@article{blank,
   author={blank},
   title={To Be Added},
   journal={},
   year={},
   month={},
   }

@book{cebici-smith,
  author={T. Cebeci and A.M.O. Smith},
  title={Analysis of Turbulent Boundary Layers},
  publisher={Academic Press},
  year={1974},
  }

@book{toro:book,
  author={E.F. Toro},
  title={Riemann Solvers and Numerical Methods for Fluid Dynamics},
  publisher={Springer},
  year={1997},
  }

@book{KaysCrawfordWeigand,
  author={William Kays and Michael Crawford and Bernhard Weigand},
  title={Convective Heat and Mass Transfer},
  publisher={McGraw Hill},
  year={2005},
  }

@book{Schlichting,
  author={Hermann Schlichting},
  title={Boundary-Layer Theory},
  publisher={McGraw Hill},
  year={1968},
  }

@book{white:viscousFlow,
  author={Frank M. White},
  title={Viscous Fluid Flow},
  publisher={McGraw Hill},
  year={1974},
  }


@article{DragojlovicEtAl,
  author={Zoran Dragojlovic and Farrokh Najmabadi and Marcus Day},
  title={An Embedded Boundary Method for Viscous Conducting Compressible
  Flow},
  journal={J. Comp. Phys.},
  volume={216},
  year={2006},
  pages={37-51},
  }

@article{icm-2003,
  author={D.M. Ingram and D.M. Causon and C.G. Mingham},
  title={Developments in  {C}artesian Cut Cell Methods},
  journal={Mathematics and Computers in Simulation},
  volume={61},
  year={2003},
  pages={561-572},
  }

@article{GaoEtAl,
  author={Feng Gao and D.M. Ingram and D.M. Causon and C.G. Mingham},
  title={The Development of a {C}artesian Cut Cell Method for Incompressible
  Viscous Flows},
  journal={Intl. J. Num. Methods in Fluids},
  volume={54},
  year={2007},
  pages={1033-1053},
  }

@misc{WIND,
author = "{NPARC Consortium}",
howpublished = "{{\tt http://www.grc.nasa.gov/WWW/wind/archive.html}}",
URL = "http://www.grc.nasa.gov/WWW/wind/valid/archive.html",
}

@article{Dawes:2007,
 author={W.N. Dawes and S.A. Harvey and S. Fellows and C.F. Favaretto and A. Velivelli},
  title={Viscous Layer Meshes from Level Sets on {C}artesian Meshes},
  journal="AIAA-2007-555",
  year={2007},
}

@article{Deister:1999,
 author="Frank Deister and Ernst H. Hirschel",
  title={Adaptive {C}artesian/Prism Grid Generation and Solutions for Arbitrary Geometries},
  journal="AIAA-1999-0782-242",
}

@article{domelKarman:splitflow,
  author={N. D. Domel and S. L.  {Karman Jr.}},
  title={SPLITFLOW: Progress in 3D {CFD} with Cartesian Omni-tree
         Grids for Complex Geometries},
  journal={AIAA-2000-1006},
  year={2000},
}

@article{lockheed:splitflow,
  author={S.L. {Karman Jr.}},
  title={SPLITFLOW: A 3D Unstructured {C}artesian Prismatic Grid {CFD}
       Code for Complex Geometries},
  journal={AIAA-1995-343},
  year={1995},
}

@article{finleyKarman:splitflow,
  author={D. S. Binley and S.L. {Karman Jr.}},
  title={Application of SPLITFLOW Unstructured {CFD} Code to {E}uler
        Predictions of a Generic Fighter Model},
  journal={AIAA-1995-1821},
  year={1995},
}

@article{LahurNakamura:1999,
  author={P. R. Lahur and Y. Nakamura},
  title={A new method for thin body problem in {C}artesian grid generation},
  journal={AIAA-1999-0919},
  year={1999},
  }

@article{LahurNakamura:2001,
  author={P. R. Lahur and Y. Nakamura},
  title={Simulation of flow around moving d body on unstructured
  {C}artesian grid},
  journal={AIAA-2001-2605},
  }

@article{lahur:2005,
  author={Paulus R. Lahur},
  title={Automatic Hexahedra Grid Generation Method for Component-based
       Surface Geometry},
  journal={AIAA-2005-5242},
  }


@article{Sang:2003,
  author={Wei Sang and Feng Li},
  title={Omni-tree and Adaptive Cartesian Hybrid Grid Method in Steady and Unsteady Flows },
  journal={AIAA-2003-4078},
  }

@article{LeeRuffin:2007,
  author={J.-D.  Lee and Stephen M. Ruffin},
  title={Development of a Turbulent Wall-Function based Viscous Cartesian-Grid Methodology},
  journal={AIAA-2007-1326},
  year={2007},
  }

@article{XuAslamStewart,
  author={S. Xu and T. Aslam and D. Stewart},
  title={High Resolution Numerical Simulation of Ideal and Nonideal Compressible Reacting 
         Flows with Embedded Internal Boundaries},
  journal={Combust. Theory Modelling},
  volume={1},
  pages={113-142},
  year = {1997},
  }


@article{trefethen-GKS2,
 author = {Trefethen, Lloyd N.},
 title = {Group Velocity Interpretation of the Stability Theory of
 {G}ustafsson, {K}reiss and {S}undstr{\"o}m},
 journal = {J. Comput. Phys.},
 volume = {49},
 year = {1983},
 pages = {199--217},
 }

 @article{trefethen-GKS1,
 author = {Trefethen, Lloyd N.},
 title = {Group Velocity In Finite Difference Schemes},
 journal = {SIAM Review},
 volume = {24},
 number={2},
 year = {1982},
 pages = {113--136},
 }



@inproceedings{van_Leer_FVS,
   author = {B. van Leer},
    title = {Flux-vector splitting for the {E}uler equations},
     year = {1982},
BOOKTITLE = {Proc. 8th Intl. Conference on Numerical Methods for Fluid Dynamics},
    publisher = {Springer Verlag}
}

@misc{Mathematica7,
   author={Wolfram Research, Inc.},
   howPublished={Mathematica Edition: version 7.0},
   publisher = "{Wolfram Research, Inc}",
   address = {Champaign, IL},
   Year = {2008},
   }

@misc{Nichols:TurbulenceModels,
   author={R. H. Nichols},
   title={Turbulence Models and Their Application to Complex Flows},
   howpublished = "{{\tt
   http://people.nas.nasa.gov/~pulliam/Turbulence/Turbulence\_Guide\_v4.01.pdf}}",
   Year = {2010},
   }

@book{WilcoxTurb,
        Address = {La Ca\~nada, CA, 91011},
        Author = {D. C. Wilcox},
        Date-Added = {2010-12-09 08:30:16 -0800},
        Date-Modified = {2010-12-09 08:35:36 -0800},
        Edition = {3rd},
        Publisher = {{DCW} Industries, Inc.},
        Title = {Turbulence Modeling for {CFD}},
        Year = {2006}}



@article{deBoor2005,
        Author = {Carl de Boor},
        Date-Added = {2010-12-07 15:45:01 -0800},
        Date-Modified = {2010-12-07 15:46:37 -0800},
        Journal = {Surveys in Approximation Theory},
        Number = {1},
        Pages = {46-69},
        Title = {Divided {D}ifferences},
        Year = {2005}}

@article{wikiNewtonPoly,
        Date-Added = {2010-12-07 15:47:58 -0800},
        Date-Modified = {2010-12-07 16:03:16 -0800},
        Journal = {http://en.wikipedia.org/Newton\_polynomial},
        Vol = {Wikipedia},
        Title = {Newton Polynomial},
        Url = {http://en.wikipedia.org/wiki/Newton_polynomial},
        Year = {2010}}

@article{sethian_fmm,
  author={J. A. Sethian},
  title={A fast marching level set method for monotonically
         advancing fronts},
  journal={Proc. Natl. Acad. Sci. USA},
  volume={93},
  year={1996},
  pages={1591-1595},
  }

@article{Noelle,
  author={D. Kroner and S. Noelle and M. Rokyta},
  title={Convergence of higher order upwind finite volume 
         schemes on unstructure grids for scalar conservation laws in 
         several space dimensions},
  journal={Numerische Mathematik},
  volume={71},
  year={1995},
  pages={527-560},
  }

@article{ql:2013,
  author={Ruibin Qin and Lilia Krivodonova},
  title={A discontinuous {G}alerkin method for solutions of the {E}uler
  equations on {C}artesian grids with embedded geometries},
  journal={J. Computational Science},
  volume={4},
  year={2013},
  pages={24-35},
  }

@article{lq:2013,
  author={Lilia Krivodonova and Ruibin Qin},
  title={An analysis of the spectrum of the discontinuous {G}alerkin
  method II: Nonuniform grids},
  journal={Applied Numerical Mathematics},
  volume={71},
  year={2013},
  pages={41-62},
  }

@article{mjb:stability2,
  author={M.J. Berger},
  title={A note on the stability of cut cells and cell merging},
  journal={Applied Numerical Mathematics},
  volume={96},
  year={2016},
  pages={180-186},
  }

@article{Zalesak:FCT,
  author={S. T. Zalesak},
  title={Fully multidimensional flux-corrected transport algorithms for fluids},
  journal={J. Comp. Phys.},
  volume={31},
  year={1979},
  pages={335-362},
  }

@article{Gooch,
  author={C. Ollivier-Gooch},
  title={Quasi-{ENO} Schemes for Unstructured Meshes Based on Unlimited
         Data-Dependent Least-Squares Reconstruction},
  journal={J. Comp. Phys.},
  volume={133},
  year={1997},
  pages={6-17},
  }

@article{weno,
  author={X. Liu and S. Osher and T. Chan},
  title={Weighted essentially non-oscillatory schemes},
  journal={J. Comp. Phys.},
  volume={115},
  year={1994},
  pages={200-212},
  }

@article{kdw-2008,
  author={Ethan J. Kubatko and Clint Dawson and Joannes J. Westerink},
  title={Time step restrictions for {R}unge-{K}utta discontinuous
  {G}alerkin methods on triangular grids},
  journal={J. Comp. Phys.},
  volume={227},
  year={2008},
  pages={9697-9710},
  }


@article{jcp_yesterday,
  author={D. Kuzmin and S. Turek},
  title={High-resolution {FEM-TVD} schemes based on a fully multidimensional
               flux limiter},
  journal={J. Comp. Phys.},
  volume={198},
  no={1},
  year={2004},
  pages={131-158},
  }


@article{hubbard:multid,
     author={M.E. Hubbard},
     title={Multidimensional Slope Limiters for {MUSCL}-Type Finite
	     Volume Schemes on Unstructured Grids},
  journal={J. Comp. Phys.},
  volume={155},
  year={1999},
  pages={54-74},
  }



 @article{abgrall:recon,
   author={Remi Abgrall},
   title={On essentially non-oscillatory schemes on unstructured meshes:
     analysis and implementation},
   journal={J. Comp. Phys.},
   volume={114},
   no={1},
   month={Sept.},
   pages={45-58},
   Year={1994},
   }

@article{danPhil,
   author={D.T. Graves and P. Colella and D. Modiano and J. Johnson and
   B. Sj\"ogreen and X. Gao},
   title={A {C}artesian Grid Embedded Boundary Method for the
   Compressible {N}avier {S}tokes Equations},
   journal={Comm. Appl. Math. and Comp. Science},
   volume={8},
   month={Dec.},
   pages={99-122},
   Year={2013},
   }

@article{Colella:Glaz,
   author={Phil Colella and Harland Glaz},
   title={Efficient solution algorithms for the {R}iemann problem for
   real gases},
   journal={J. Comp. Phys.},
   volume={59},
   no={2},
   month={June},
   pages={264-289},
   Year={1985},
   }

@article{NASA-Lewis:AMR,
   author={E. Steinthorsson and D. Modiano and P. Colella},
   title={Computations of Unsteady Viscous flows Using Solution Adaptive
   Mesh Refinement in Curvilinear Body-Fitted Grid Systems},
   journal={AIAA-94-2330},
   month={June},
   Year={1994},
   }


@article{VanAlbada,
   author={G.D. van Albada and B. van Leer and W.W. Roberts},
   journal={Astron and Astrophys},
   volume={108},
   no={76},
   Year={1982},
   }



@article{Spekreijse,
   title={Multigrid Discretization of Monotone Second-Order 
          Discretizations of Hyperbolic Conservation Laws},
   author={S.P. Spekreijse},
   journal={Math. Comp.},
   volume={49},
   no={179},
   Year={1987},
   }



@article{Goodman-Leveque:Geometric,
   title={A Geometric Approach to High Resolution {TVD} Schemes},
   author={J.B. Goodman and R.J. LeVeque},
   journal={SIAM J. Num. Anal.},
   volume={25},
   no={2},
   Year={1988},
   }

@article{tanShu:2010,
  title={Inverse Law-Wendroff procedure for numerical boundary
        conditions of conservation laws},
  author={S. Tan and C.-W. Shu},
  journal={J. Comp. Phys.},
  volume={229},
  year={2010},
  pages={8144-8166},
}

@article{tvdrk,
  title={Total variation diminishing Runge-Kutta schemes},
  author={S. gottlieb and C.-W. Shu},
  journal={Math. Comp.},
  volume={67},
  year={1998},
  number={221},
  pages={73-85},
}

@article{Goodman-Leveque:2dtvd,
   title={On the accuracy of stable schemes for 2D scalar conservation laws},
   author={J.B. Goodman and R.J. LeVeque},
   journal={Math. Comp.},
   volume={45},
   Year={1985},
   pages={15-21},
   }


@article{Sweby,
   title={High Resolution Schemes Using Flux Limiters for Hyperbolic
	  Conservation Laws},
   author={P.K. Sweby},
   journal={SIAM J. Num. Anal.},
   volume={21},
   no={5},
   Year={1984},
   }


@article{Harten:tvd,    
   author={A. Harten}, 
   title={High resolution schemes for hyperbolic conservation laws},
   journal={J. Comp. Phys.}, 
   volume={49}, 
   Year={1983},
   pages={357-393},
   }

@article{Venkat,    
   author={V. Venkatakrishnan}, 
   title={Convergence to Steady State Solutions of the {E}uler Equations 
	 on Unstructured Grids with Limiters},
   journal={J. Comp. Phys.}, 
   volume={118}, 
   no={1}, 
   Year={1995},
   pages={120-130},
   }
 

@article{bell-dawson-shubin,
  author =       "J.B. Bell and C.N. Dawson and G.R. Shubin",
  title =        "An Unsplit Higher Order Godunov Method for Scalar Conservation Laws in
                  Multiple Dimensions", 
  journal =      "J. Comput. Phys.",
  volume =       "74",
  year =         "1988",
  pages =        "362--397",
}


@article{Front-tracking:LBL,
   author={J.B. Bell and P. Colella and M. Welcome},
   title={Conservative front tracking for inviscid compressible flow},
   journal={AIAA-91-1560},
   month={June},
   Year={1991},
   pages={814-822},
   }



@article{LLNL:Cartesian,
   author={R.B. Pember and J.B. Bell and P. Colella and W.Y.
           Crutchfield and M.W. Welcome},
   title={Adaptive {C}artesian Grid Methods for Representing Geometry in
          Inviscid Compressible Flow},
   journal={AIAA-93-3385},
   month={July},
   Year={1993},
   }


@article{Melton:Berger,
   author={J. Melton and M. Aftosmis and M. Berger and M. Wong},
   title={3{D} Applications of a {C}artesian Grid {E}uler Method},
   journal={AIAA-95-0853},
   month={Jan.},
   Year={1995},
   }

@article{Murman-Aftosmis-Berger,
 author={S. Murman and M. J. Aftosmis and M. J.  Berger},
 title={Implicit Approaches for Moving Boundaries in a 3-D {C}artesian
 Method},
 journal={AIAA-2003-1119}, 
 month={Jan.}, 
 year={2003},
 }

@article{Murman-Aftosmis-Berger2,
  author={S. Murman and M. J. Aftosmis and M. J.  Berger},
  title={Simulations of store seapration from an F/A-18 with a Cartesian method},
  journal={Jol. of Aircraft}, 
  vol={41},
  month={Jul.-Aug.},
  pages={870-879},
  year={2004},
  }
  




@article{Aftosmis-Berger:2002, 
 author={M.J. Aftosmis and M.J. Berger},
 title={Multilevel Error Estimation and Adaptive $h$-refinement for
 {C}artesian Meshes with Embedded Boundaries},
 journal={AIAA-2002-0863}, 
 year={2002},
 }


@article{Melton-Aftosmis-Berger:reno2,
 author={M.J. Aftosmis and M.J. Berger and J. Melton},
 title={Robust and Efficient {C}artesian Mesh Generation for
 Component-Based Geometry},
 journal={AIAA-97-0196}, 
 month={Jan.}, 
 year={1997},
 }


@article{coles,
 author={Donald Coles},
 title={The law of the wake in the turbulent boundary layer},
 journal={J. Fluid Mechanics}, 
 volume={1},
 year={1956},
 }

@article{swafford,
 author={T.W. Swafford},
 title={ Analytical Approximation of Two-Dimensional Separated Turbulent Boundary-Layer Velocity Profiles},
 journal={AIAA Journal}, 
 volume={21},
 number={6},
 year={1983},
 }

@article{SondakPletcher,
 author={D.L. Sondak and R.H. Pletcher},
 title={ Application of Wall Functions to Generalized Nonorthogonal Curvilinear
 Coordinate Systems},
 journal={AIAA Journal}, 
 volume={33},
 number={1},
 year={1995},
 }

@article{Frink_98,
 author={Neal T. Frink},
 title={Tetrahedral Unstructured Navier-Stokes Method for Turbulent
 Flows },
 journal={AIAA Journal}, 
 volume={36},
 number={11},
 year={1998},
 }

@article{Melton-Aftosmis-Berger:aiaaj,
 author={M. J. Aftosmis and M. J. Berger and J. Melton},
 title={Robust and Efficient {C}artesian Mesh Generation for
 Component-Based Geometry},
 journal={AIAA Journal}, 
 volume={36},
 year={1998},
 }
}
@article{NicholsNelson,
 author={R.H. Nichols and C. C. Nelson},
 title={Wall Function Boundary Conditions Including  Heat Transfer and
 Compressibility},
 journal={AIAA Journal}, 
 volume={42},
 number={6},
 year={2004},
 }

@article{delanaye-99:reno,
 author={M. Delanaye and M. Aftosmis and M. Berger and
	Y. Liu and T. Pulliam},
 title={Automatic Hybrid-{C}artesian Grid Generation for
 High-{R}eynolds
 Number Flows around Complex Geometries},
 journal={AIAA-99-0777}, 
 month={Jan.}, 
 year={1999},
 }

@article{Melton-Aftosmis:Berger,
 author={M. Aftosmis and J. Melton and M.J. Berger},
 title={Adaptation and Surface Modeling for {C}artesian Mesh Methods},
 journal={AIAA-95-1725}, 
 note={12th AIAA Computational Fluid Dynamics Conference}, 
 month={June}, 
 year={1995},
 }

@article{aft-visc,
   author={M. Aftosmis},
   title={Upwind Method for Simulation of Viscous Flow on Adaptively
             Refined Meshes},
   journal={AIAA Journal},
   volume={32},
   number={2},
   month={Feb.},
   Year={1994},
   }



@article{SachdevGroth,
author={J.S. Sachdev and C.P.T. Groth}, 
title={A Mesh Adjustment Scheme for Embedded Boundaries},
journal={Comm. Comp. Physics},
volume={2},
number={6},
pages={1095-1124},
year={2007},
}


@techreport{Nichols,    
  author={R. H. Nichols},
  title={Turbulence Models and Their Application to Colex Flows},
  institution={University of Alabama at Birmingham},
  number={iRev. 3.0},
  month={April},
  year={1996},
  }

@techreport{Forrer:hbox,
  author={H. Forrer},
  title={Boundary Treatment for a {C}artesian Grid Method},
  institution={ETH},
  number={96-04},
  month={April},
  year={1996},
  }

@techreport{vanGarrel,
  author={A. van Agarrel},
  title={Integral Boundary Layer Methods for Wind Turbine Aerodynamics},
  institution={Netherlands Agency for Energy and the Environment},
  number={ECN-C-04-004},
  month={Dec.},
  year={2003},
  }


@techreport{Baden,
  author={J.R. Pilkington and S.B. Baden},
  title={Partitioning with Spacefilling Curves},
  institution={UC San Diego},
  number={CS94-349},
  month={March},
  year={1994},
  }




@article{Salmon,
   author={J.K. Salmon and M.S. Warren and G.S. Winckelmans},
   title={Fast parallel tree codes for gravitational and fluid
   dynamical {N}-body problems},
   journal={Intl. J. Supercomp. Appl.},
   volume={8},
   no={2},   
   Year={1994},
   }





@techreport{Roe:irregular,
  author={Phil Roe},
  title={Error Estimates for Cell-Vertex Solutions of the Compressible
         {E}uler Equations},
  institution={ICASE},
  number={87-6},
  month={Jan.},
  year={1987},
  }
  


@article{Dougherty,
   author={F.C. Dougherty and J. Kuan},
   title={Transonic Store Separation Using a Three-Dimensional
   {C}himera Grid Scheme},
   journal={AIAA-89-0637},
   Year={1989},
   }



@article{Meakin,
   author={R. Meakin},
   title={Moving Body Overset Grid Methods for Complete Aircraft
   Tiltrotor Simulations},
   journal={AIAA-93-3350},
   Year={1993},
   }




@article{FPM,
   author={L. Formaggia and J. Peraire and K. Morgan },
   title={Simulation of a Store Separation Using the Finite Element
   Method},
   journal={Appl. Math. Mod.},
   volume={12},   
   Year={1988},
   }



@article{ALE,
   author={J. Baum and H. Luo and R. L\"{o}hner},
   title={A New {ALE} Adaptive Unstructured Methodology for the
   Simulation of Moving Bodies },
   journal={AIAA-94-0414},
   Year={1994},
   }





@article{Falcovitz,
   author={J. Falcovitz and G. Alfandary and G. Hanoch},
   title={A Two-Dimensional Conservation Laws Scheme for Compressible
   Flows with Moving Boundaries},
   journal={J. Comp. Phys.},
   volume={138},
   Year={1997},
   }



@inproceedings{barth:vki,
   author={T. Barth},
   title={Numerical Methods and Error Estimation for Conservation Laws on 
	     Structured and Unstructured Meshes},
   booktitle={Von Karman Institute Computational Fluid Dynamics Lectures Notes},
   year={2003},
   }

@article{barth:recon,
   author={Tim Barth and Paul Frederickson},
   title={Higher order solution of the {E}uler equations on unstructured
   grids using quadratic reconstruction},
   journal={AIAA-90-0013},
   year={1990},
   }



@article{barth:recon2,
   author={Tim Barth},
   title={Recent developments in high order k-exact reconstruction on
   unstructured meshes},
   journal={AIAA-93-0668},
   year={1993},
   }

@article{IGES:info,
   author={Kent Reed},
   title={The Initial Graphics Exchange Specification ({IGES}) Version 5.1},
   publisher={National Computer Graphics Association - IGES/PDES
   Organization},
   City={Fairfax, Va.},
   month={Sept.},
   Year={1991},
   }

@book{Hackbusch,
  author={Wolfgang Hackbusch},
  title={Multi-Grid Methods and Applications},
  publisher={Springer-Verlag},
  year={1985},
  }


@book{Foley:VanDam,
  author={Foley and van Dam and Feiner and Hughes},
  title={Computer graphics,  principles and practice},
  publisher={Addison Wesley},
  year={1990},
  }

@book{NURB:info,
  author={G. Farin},
  title={Curves and surfaces for computer aided geometric design, a
  practical guide},
  publisher={Academic Press},
  year={1988},
  }

@inproceedings{almgren:almgren,
  title={Phase Field Instabilities and Adaptive Mesh refinement}, 
  author={R. Almgren and A. S. Almgren},
  booktitle={Modern Methods for Modeling Microstructure in Materials},  
  publisher={TMS-SIAM},
  month={Oct.},
  year={1995},
  note={Proc. TMS meeting, Cleveland, Ohio},
  }

@inproceedings{Berger-Leveque:stable,
  title={Stable Boundary Conditions for {C}artesian Grid Calculations}, 
  author={M.J. Berger and R.J. LeVeque},
  booktitle={Proc. Symposium on Computational Technology for Flight
         Vehicles, Pergamon Press},  
  month={Nov.},
  year={1990},
  note={ICASE Report No. 90-37},
  }

@article{Berger:LeVeque,
   author={M.J. Berger and R.J. LeVeque},
   title={An Adaptive {C}artesian mesh Algorithm for the {E}uler Equations
   in Arbitrary Geometries},
   journal={AIAA-89-1930},
   month={June},
   year={1989},
   note={9th Computational Fluid Dynamics Conf., Buffalo, NY},
      }


@article{MedicEtAl,
   title={Adaptive Wall Functions with Applications},
   author={G. Medic and  G. Kalitzin and  G. Iaccarino and E. van der Weide},
   journal={AIAA-2006-3744},
   year={2006},
   }

@article{Rumsey,
   title={Turbulence Modeling Verification and Validation},
   author={Christopher L. Rumsey},
   journal={AIAA-2014-0201},
   year={2014},
   note={52nd Aerospace Sciences Meeting, National Harbor, MD },
   }

@article{MughalDrela,
   title={A calculation method for the three-dimensional boundary-layer equations in integral form},
   author={B. Mughal and M. Drela},
   journal={AIAA-1993-0786},
   montgh={Jan.},
   year={1993},
   }

@techreport{ICASE:workshop,
   title={ICASE/LaRC Workshop on Adaptive Grid Methods},
   editor={J. South, Jr., and J. Thomas and J.Van Rosendale},
   month={Nov.},
   year={1994},
   number={NASA CP 3316},
   institution={ICASE},
   }

@inproceedings{Berger:LeVeque2,
   author={M.J. Berger and R.J. LeVeque},
   title={{C}artesian meshes and adaptive mesh refinement for hyperbolic
   partial differential equations},
   booktitle={Proc. Third Intl. Conf. Hyperbolic Problems},
   year={1990},
   }



@inproceedings{almgren:IMACS,
   author={A. Almgren and J. Bell and P. Colella and L. Howell},
   title={An Adaptive Projection Method for the Incompressible
             {N}avier-{S}tokes equations},
   booktitle={Proc. {IMACS} 14th World Conference},
   year={1994},
   month={July},
   address={Atlanta, GA},
   }

@inproceedings{Berger:Melton,
   author={M.J. Berger and J. Melton},
   title={An Accuracy Test of a {C}artesian Grid Method 
             for Steady Flow in Complex Geometries},
   booktitle={Proc. Fifth Intl. Conf. Hyperbolic Problems},
   year={1994},
   note={Stonybrook, NY; Also, RIACS Report 95-02}
   }

@article{Melton:Tiger,
   author={J. Melton and S. Thomas and G. Cappuccio},
   title={Unstructured {E}uler Flow Solutions Using Hexahedral Cell
   Refinement},
   journal={AIAA-91-0637},
   month={Jan.},
   year={1991},
   note={29th Aerospacing Mtg., Reno, Nevada},
      }

@book{Thompson:Grids,
  author={J. Thompson},
  title={Numerical Grid Generation},
  publisher={North-Holland},
  year={1982}}


@article{Steger:Chimaera,
  author={J. Steger and Benek and Dougherty},
  title={A Flexible Grid Embedding Technique with Application to the
      {E}uler Equations},
  journal={AIAA-83-1944},
  note={6th Computational Fluid Dynamics Conf., Danvers, Mass},
  Month={July},
  Year={1983},
  }

@ARTICLE{Jameson:scheme,
  Author={A. Jameson and W. Schmidt and E. Turkel},
  title={Numerical Solutions of the {E}uler Equations by Finite Volume
  Methods Using {R}unge-{K}utta Time-Stepping Schemes},
  journal={AIAA-81-1259},
  }

@ARTICLE{jameson:scheme2,
  Author={A. Jameson},
  title={Analysis and Design of Numerical Schemes for Gas
  Dynamics 2: Artificial Diffusion and Discrete Shock Structure},
  journal={{\rm {S}ubmitted to} Intl. J. Comp. Fluid Dynamics},
  year={1994},
  }

@ARTICLE{lohner:cutcells,
Author = {R. Tilch and A. Tibbal and M. Zhu and F. Decker  and R. L\"{o}hner},
Title = "Combination of Body-fitted and embedded grids for External
Aerodynamics",
Journal = "AIAA-2007-1300",
Year = "2007"}


@ARTICLE{lohner:baum,
Author = {J. D. Baum and R. L\"{o}hner},
Title = "Numerical Design of a Passive Shock Deflector Using an Adaptive
Finite Element Scheme on Unstructured Grids",
Journal = "AIAA-92-0448",
Year = "1992"}

@INPROCEEDINGS{aspects,
Author = "M.J. Berger and M.J. Aftosmis",
Title = "Aspects (and aspect ratios) of {C}artesian Mesh Methods",
Booktitle="Proc. $16^{th}$ Intl. Conf. Num. Meth. Fluid Dyn.,  Lecture
Notes in Physics",
volume={515},
Month={July},
Publisher={Springer-Verlag},
Year = "1987"}

@INPROCEEDINGS{Jameson:mavriplis,
Author = "D. J. Mavriplis and A. Jameson",
Title = "Multigrid Solution of the {E}uler Equations on Unstrucured and
Adaptive Meshes",
Booktitle="Proc. Third Copper Mountain Conf. Multigrid Methods, Lecture
Notes in Pure and Applied Mathematics",
Note = {ICASE Report No. 87-53},
Year = "1987"}


@article{Ji-Lien-Yee,
  author={H. Ji and F-S. Lien and E. Yee},
  title={An Efficient Second-Order Accurate Cut-Cell Method for Solving
  the Variable Coefficient Poisson Equation with Jump Conditions on
  Irregular Domains},
  journal={Intl. J. Num. Methods in Fluids},
  volume={52},
  year={2006},
  }

@article{ghias-mittal-lund,
  author={R. Ghias and R. Mittal and T. S. Lund},
  title={A non-body conformal grid method for simulation of compressible
  flows with complex immersed boundaries},
  journal={AIAA-2004-0080},
  year={2004},
  }
@article{ghias-mittal-dong,
  author={R. Ghias and R. Mittal and H. Dong},
  title={A sharp interface immersed boundary method for compressible
  viscous flows},
  journal={J. Comp. Phys.},
  volume={225},
  pages={528-553},
  year={2007},
  }

@article{TranUdaykumar,
  author={L. B. Tran and H.S. Udaykumar},
  title={A particle-level set-based sharp interface cartesian grid
  method for impact, penetration, and void collapse},
  journal={J. Comp. Phys.},
  volume={193},
  number={2},
  year={2004},
  pages={469-510},
  }


@article{Ham-Lien-Strong,
  author={ F.E. Ham and F.S.Lien and A.B.Strong},
  title={A {C}artesian Grid Method with Transient Anisotropic
  Adaptation},
  journal={J. Comp. Phys.},
  volume={179},
  year={2002},
  }

@article{johansen-colella,
  author={H.S. Johansen and P. Colella},
  title={A {C}artesian Grid Embedded Boundary Method for Poisson's
  Equation on Irregular Domains},
  journal={J. Comp. Phys.},
  volume={147},
  year={1998},
  }

@article{TRANAIR:ref,
  author={D. Young and R. Melvin and M. Bieterman and F. Johnson and 
	 S. Samant and J. Bussoletti},
  title={A locally refined rectangular grid finite element method:
  application to computational fluid dynamics and computational physics},
  journal={J. Comp. Phys.},
  month={Jan.},
  year={1991},
  }

@techreport{DTNURBS:DTNURBS,
   author={{Boeing Computer Services}},
   title={The {DTNURBS} Spline Geometry Subprogram Library User's
   Manual, Version 2.0},
   editor={U.S. Navy, David Taylor Model Basin},
   city={Bethesda, Md.},
   month={Oct.},
   year={1992},
   }


@article{Bell-Berger-Saltzman-Welcome:3-D_AMR,
   author={J. Bell and M. J. Berger and J. Saltzman and M. Welcome},
   title={Three Dimensional Adaptive Mesh Refinement for Hyperbolic 
          Conservation Laws},
   journal={SIAM J. Sci. Stat.},
   year={1994},
   month={Jan.},
   volume={15},
   pages={127-138},
   }
   
@article{Berger-Colella:2-D_AMR,
   author={M. J. Berger and P. Colella},
   title={Local Adaptive Mesh Refinement for Shock Hydrodynamics},
   journal={J. Comp. Physics},
   year={1989},
   volume={82},
   pages={64-84}   }

@article{Henderson-Colella-Puckett:2-D_Multimaterial,
   author={L. F. Henderson and P. Colella and E. G. Puckett},
   title={On the Refraction of Shock Waves at a Slow-Fast Gas Interface},
   journal={Journal of Fluid Mechanics},
   year={1991},
   volume={224},
   pages={1-27}}

@article{Berger-Oliger:Adaptive_Mesh,
   author={M. J. Berger and J. Oliger},
   title={Adaptive Mesh Refinement for Hyperbolic Partial Differential
   Equations},
   journal={J. Comp. Physics},
   year={1984},
   volume={53},
   pages={482-512} }


@article{oliger:zhu,
   author={J. Oliger and X. Zhu},
   title={Stability and Error Estimation for Component Adaptive Grid Methods},
   journal={J. Comp. Appl. Math, to appear},
   note={Also, RIACS Report 94.14, Aug., 1994},
   year={1996},
   }

@techreport{Ruffert:Collisions,
   author={M. Ruffert},
   title={Collisions between a white dwarf and a main-sequence star  
     {II}. {S}imulations using multiple nested refined grids.},
   year={1992},
   type={Preprint},
   number={MPA 657},
   note={Submitted to Astronomy and Astrophysics},
   institution={Max Planck Institute for Astrophysics, Garching},
   month={March}}
   
@phdthesis{Gooch:thesis,
   author={Carl Ollivier-Gooch},
   title={Solution of the Navier-Stokes Equations on Locally-Refined Cartesian Meshes},
   school={Stanford University},
   year={1993},
   }


@phdthesis{Marshall:thesis,
   author={David Marshall},
   title={Extending the functionalities of 
      {C}artesian Grid Solvers: Viscous Effects, Modeling and MPI
      Parallelization},
   school={Georgia Institute of Technology},
   year={2002},
   }

@phdthesis{Lee:thesis,
   author={Jae-doo Lee},
   title={Develoment of an Efficient Viscous Approach in a 
      {C}artesian Grid Framework and Application to Rotor-Fuselage
      Interaction},
   school={Georgia Institute of Technology},
   year={2006},
   }

@phdthesis{Hunt:thesis,
   author={J. Hunt},
   title={An Adaptive 3D {C}artesian Approach for the Cell-Based
          Parallel Computation of Inviscid Flow About Static and
          Dynamic Configurations},
   school={Univ. Michigan},
   year={2004},
   }

@phdthesis{minion:thesis,
   author={M. Minion},
   title={Two Methods for the Study of Vortex Patch Evolution on Locally
   Refined Grids},
   school={University of California, Berkeley},
   month={May},
   year={1994}},

@phdthesis{Roma:Thesis,
   author={A. Roma},
   title={A Multilevel Self Adaptive Version of the Immersed Boundary
   Method},
   school={New York University},
   month={Jan.},
   year={1996}}


@article{zj1,
   author={Z. J. Wang and R.F. Chen},
   title={Anisotropic Solution-Adaptive Viscous {C}artesian Grid Method for
   Turbulent Flow Simulation},
   journal={AIAA Journal},
   year={2002},
   month={Oct.},
   volume={40},
   pages={1969-1978}}


@article{zj:1998,
author = {Z. J. Wang},
title = {A Quadtree-Based Adaptive {C}artesian/Quad Grid Flow Solver for Navier-Stokes Equations},
journal = {Computers and Fluids},
volume = {27},
number={4},
pages = {529-549},
year = {1998}
}

@inproceedings{ZJ:viscous,
   author={Z.J. Wang and M.J. Berger},
   title={Towards Automatic Grid Independent Viscous Solutions
    with an Adaptive {C}artesian/Quad Grid Flow Solver},
   booktitle={Proc. 15th Intl. Conf. Num. Meth. Fluid Dyn.},
   address={Monterrey, CA},
   month={June},
   year={1996}},

@inproceedings{Bayyuk:Rutgers,
   author={S.A. Bayyuk and K.G. Powell and B. van Leer},
   title={An Algorithm for Simulation of Flows with Moving Boundaries
    and Fluid-Structure Interactions},
   booktitle={Proc. 1st AFOSR Conf. on Dynamic Motion CFD},
   month={June},
   year={1996}},






@phdthesis{Bayyuk:Thesis,
   author={S. Bayyuk},
   title={{E}uler Flows with Arbitrary Geometries and Moving Boundaries},
   school={University of Michigan},
   year={1999}},

@phdthesis{Quirk:Thesis,
   author={J. Quirk},
   title={An adaptive grid algorithm for computational shock hydrodynamics},
   school={College of Aeronautics, Cranfield Institute of Technology},
   year={1991}},




@techreport{amr:comb,
       author={R. Pember et al},
       title={The Modeling of a Laboratory Natural Gas-Fired Furnace
       with a Higher-Order Projection Method for Unsteady Combustion},
       institution={{LLNL}},
       number={UCRL-JC-123244},
       month={Feb.},
       year={1996},
       }

@techreport{3damr:curv,
       author={R. Pember and J. Greenough and P. Colella},
       title={An Adaptive, Higher-Order {G}odunov Method for Gas Dynamics
       in Three-Dimensional Orthogonal Curvilinear Coordinates},
       institution={{LLNL}},
       number={UCRL-JC-123351},
       month={Feb.},
       year={1996},
       note={Submitted to J. Comp. Phys},
       }

@inproceedings{McCormick-Quinlan:DGRPDE,
   author={S. McCormick and D. Quinlan},
   title={Dynamic Grid Refinement for Partial Differential Equations on
     Parallel Computers},
   booktitle={Proc. 7th Intl. Conf. Finite Element
     Methods in Flow Problems},
   organization={University of Alabama},
   month={April},
   year={1989}}   

@techreport{Kallinderis-Vidwans:Parallel-NS,
  author={Y. Kallinderis and A. Vidwans},
  title={Parallel Adaptive-Grid Navier-Stokes Algorithm Development and
    Implementation},
  institution={University of Texas at Austin},
  year={1992},
  note={Preprint}}

@inproceedings{Gropp-Keyes:SemiStruc,
   author={W. Gropp and D. Keyes},
   title={Semi-Structured Refinement and Parallel Domain Decomposition
      Methods},
   booktitle={Unstructured Scientific Computation on Scalable
      Multiprocessors},
   organization={MIT Press},
   editor={P. Mehrotra, J. Saltz and R. Voigt},
   year={1992}}

@article{Gropp-Keyes:DomDecomp,
   author={W. Gropp and D. Keyes},
   title={Domain Decomposition with Local Mesh Refinement},
   journal={SISSC},
   year={1992},
   volume={13(4)},
   month={July}}



@article{Bayyuk:AIAA,
   author={S.A. Bayyuk and K.G. Powell and B. van Leer},
   title={A Simulation Technique for \hbox{2-D} Unsteady Inviscid
Flows
around Arbitrarily Moving and Deforming Bodies of Arbitrary Geometry},
   journal={AIAA-93-3391},
   year={1993},
}   






@inproceedings{McCormick-Quinlin:DGRPDE,
   author={C. \"{O}zturan and B. Szymanski and J.Flaherty},
   title={Adaptive Methods and Rectangular Partitioning Problem},
   booktitle={Proceedings of Scalable High Performance Computing Conference},
   month={April},
   address={Williamsburg,Va.},
   year={1992}}
     
@phdthesis{Biswas:Thesis,
   author={R. Biswas},
   title={Parallel and Adaptive Methods for Hyperbolic PDES},
   school={RPI},
   year={1991}},

@techreport{Williams:Parallel-Meshes,
  author={R. Williams},
  title={Adaptive Parallel Meshes with Complex Geometry},
  institution={California Institute of Technology},
  year={1991},
  number={CCSF-7-91}}

@article{Williams:Load-Balance,
   author={R. Williams},
   title={Performance of dynamic load balancing algorithms for unstructured
     mesh calculations},
   journal={Concurrency: Practice and Experience},
   year={1991},
   month={Oct.},
   volume={3(5)},
   pages={457-481}}
   
@inproceedings{Berger:AMR-Parallel,
   author={M. J. Berger},
   title={Adaptive Mesh Refinement for Parallel Processors},
   booktitle={Proceedings of 1987 SIAM Conference on Parallel Processing},
   month={Dec.},
   address={Los Angeles, CA},
   year={1987}}
   
@inproceedings{Biswas-Flaherty:Rutgers,
   author={R. Biswas and J. Flaherty},
   title={Parallel and Adaptive Methods for Hyperbolic Partial Differential 
      Equations},
   booktitle={Proceedings of the 7th IMACS International Conference on 
      Computer Methods for Partial Differential Equations},
   address={New Brunswick, NJ},
   month={June},
   year={1992}}

@inproceedings{Cerutti-Trease:CM_Code,
   author={J. Cerutti and H. Trease},
   title={The Free-{L}agrange Method on the {C}onnection {M}achine},
   booktitle={Proceedings of the Next Free-Lagrange Conference},
   editor={H. Trease, J. Fritts, W. Crowley},
   address={Copper Mountain, Colorado},
   year={1991}}
   
@techreport{Lubeck-Simmons-Wasserman:Performance,
   author={O. Lubeck and M. Simmons and H. Wasserman},
   title={The Performance Realities of Massively Parallel Processors:
     A Case Study},
   institution={Los Alamos National Laboratory},
   year={1992},
   type={Preprint},
   note={Submitted to IEEE Supercomputing '92},
   address={Los Alamos, NM},
   number={LA-UR-92-1463}}
   
@techreport{Crutchfield:Load_Balance,
  author={W. Crutchfield},
  title={Load Balancing Irregular Algorithms},
  institution={Lawrence Livermore National Laboratory},
  year={1991},
  month={July},
  type={Preprint},
  address={Livermore, CA},
  number={UCRL-JC-107679}}

@techreport{Crutchfield:Parallel,
  author={W. Crutchfield},
  title={Parallel Adaptive Mesh Refinement: An Example of Parallel Data
    Encapsulation},
  institution={Lawrence Livermore National Laboratory},
  year={1991},
  month={July},
  type={Preprint},
  note={Submitted to Concurrency, Practice and Experience},
  address={Livermore, CA},
  number={UCRL-JC-107680}}

@article{Barth-Hammond:Euler,
   author={S. W. Hammond and T. J. Barth},
   title={An Efficient Massively Parallel {E}uler Solver for 
          Unstructured Grids},
   journal={AIAA Journal},
   year={1992},
   month={April},
   volume={30(4)},
   pages={947-952}}
   
@book{Hillis:CM,
  author={W. D. Hillis},
  title={The Connection Machine},
  publisher={MIT Press},
  year={1985}}

@article{Colella-Woodward:PPM,
  author={P. Colella and P. Woodward},
  title={The Piecewise Parabolic Method ({PPM}) for Gas-Dynamical Simulations},
  journal={J. Comp. Phys.},
  year={1984},
  volume={54(1)},
  pages={174-201}}

  

@inproceedings{Dahl:Fast-Graph,
   author={E. D. Dahl},
   title={Mapping and Compiled Communication on the {C}onnection {M}achine System},
   booktitle={Proceedings of The Fifth Distributed Memory Computering
     Conference},
   month={April},
   year={1990}}

@inproceedings{Berger-Saltzman:AMR-Parallel,
   author={M. J. Berger and J. Saltzman},
   title={A{M}{R} on the {C}{M}-2},
   booktitle={Proceedings of Workshop on Adaptive Computational Methods},
   note={To appear, Applied Num. Math.},
   month={June},
   address={Troy, NY},
   year={1992}}


@article{Berger-Rigoutsos:clustering,
   author={M. J. Berger and I. Rigoutsos},
   title={An Algorithm for Point Clustering and Grid Generation},
   journal={IEEE Trans. Sys. Man and Cyber.},
   year={1991},
   volume={21},
   month={Sept./Oct.},
   no={5},
   pages={1278-1286}   }


@article{berger:jameson,
   title={An adaptive multigrid method for the {E}uler equations},
   author={M. Berger and A. Jameson},
   Journal={Lecture Notes in Physics},
   volume={218},
   year={1984},
   }

@article{mavriplis:mg,
   title={Three dimensional unstructured multigrid for the {E}uler equations},
   author={D. Mavriplis},
   Journal={AIAA-91-1349},
   month={June},
   Year={1991},
   }

@book{mccormick:mg,
   author={S. McCormick},
   title={Multilevel Adaptive Methods for Partial Differential Equations},
   publisher={SIAM},
   year={1989},
   }

@book{Spekreijse:mg,
  author={S.P. Spekreijse},
  title={Multigrid Solution of the Steady {E}uler Equations},
  Note={PhD Thesis},
  City={Centrum voor Wiskunde en Informatica, Amsterdam},
  year={1987},
  }

@article{rider-constrained,
      author = {W. J. Rider and D. B. Kothe},
      title = {Constrained Minimization for Monotonic Reconstruction},
      Journal = {AIAA-97--2036},
      year = {1997},
   }


@article{Sidilkover:thesis,
  author={David Sidilkover},
  title={Multigrid Solution to Steady State Problems with Discontinuities},
  note={PhD Thesis, Weizmann Institute},
  year={1989},
  }

@article{Sidilkover:copper,
  author={D. Sidilkover and U.M. Ascher},
  title={Multigrid Solver for {N}avier-{S}tokes Equations on Non-staggered grids},
  note={6th Copper Mtn. Conference},
  month={April},
  year={1993},
  }

@techreport{saltzman:ben,
  title={Monotonic Difference Schemes for the Linear Advection 
	  Equation in Two and Three Dimensions},
  author={J. Saltzman },
  number={87-2479},
  year={1987},
  institution={Los Alamos National Laboratory},
  }


@inproceedings{woodward:astro,
  author={P. Woodward},
  title={Piecewise Parabolic Methods for Astrophysical Fluid Dynamics},
  booktitle={Astrophysical Radiation Hydrodynamics},
  editor={K.-H. Winkler and M. Norman},
  year={1986},
}


@techreport{phil-lbl-software:cart,
   author={P. Colella and D. Graves and T. Ligocki and D. Trebotich
   and B.V.Straalen},
   title={Embedded boundary algorithms and software for partial
   differential equations},
   year={2008},
   number={125 012084},
   type={Preprint},
   institution={J. Phys. Conf. Series},
   }
   
@techreport{llnl:cart,
   author={R. Pember and J. Bell and P. Colella and W. Crutchfield and
   M. Welcome},
   title={An adaptive {C}artesian grid method for unsteady compressible
      flow in complex geometries},
   year={1993},
   number={UCRL-JC-115650},
   type={Preprint},
   institution={Lawrence Livermore National Laboratory},
   }
   

@phdthesis{Melton:Thesis,
   author={J. Melton},
   title={Automated Three-Dimensional {C}artesian Grid Generation and
        {E}uler Flow Solutions for Arbitrary Geometries},	
   year={ 1996},
   month={June},
   school={U.C. Davis},
   }

@article{Kreiss:white,
   author={H. O. Kreiss and T. A. Manteuffel and B. Swartz and B.
      Wendroff and A. B. White, Jr.},
   title={Supraconvergent schemes on irregular grids},
   journal={Math. Comp.},
   volume={47},
   no={537},
   Year={1986},
   }

@article{Kreiss:white2,
   author={B. Wendroff and A.B. White},
   title={A supraconvergent scheme for nonlinear hyperbolic systems},
   journal={Comput. Math. Appl.},
   volume={18},
   no={761},
   Year={1989},
   }

@article(CGCN94,
   author = "G. Chesshire and W. D. Henshaw",
   title = "A Scheme for Conservative Interpolation on Overlapping Grids",
   journal = SISC,
   volume ="15",
   number = "4",
   pages = "819--845",
   month = July,
   year = 1994) 

@article(henshaw:kreiss_pao,
  title={A Solution Adaptive Solver for the Navier-Stokes equations for
         All-Speed Flows},
  author={W.D. Henshaw and H.-O. Kreiss and K. Pao},
    type={In preparation}
    )



@article(yap:cg,
  title={Symbolic Treatment of Geometric Degeneracies},
  author={C. Yap},
  year={1990},
  journal={Journal of Symbolic Computation},
  volume={10},
  )



@article{ibl3:drela,
  author={M. Drela},
  title={Three-Dimensional Integral Boundary Layer Formuation for General Configurations},
  month={June},
  year={2013},
  journal={21 AIAA CFD Conf., AIAA 2013-2437},
  note={San Diego, CA},
}

@techreport{ibl3c:drela,
  author={M. Drela},
  title={A Four-Equation Integral 3D Boundary Layer Formuation},
  month={July},
  year={2013},
  }

@techreport{Boeing:boundary_layer,
  author={M. Bieterman et al (Boeing) and M. Drela (MIT)},
  title={Boundary Layer Coupling in a General Configuration Full
        Potential Code},
  institution={Boeing},
  number={BCSTECH-94-032},
  month={Aug.},
  year={1994},
  }

@phdthesis{Drela:thesis,
   author={M. Drela},
   title={Two-Dimensional Transonic Aerodynamic Design and Analysis
   Using the {E}uler equations},
   school={M.I.T.},
   year={1985},
   }

@phdthesis{stern:thesis,
  author="L. G. Stern",
  title="An Explicitly Conservative Method for Time-Accurate Solution of
 Hyperbolic Partial Differential Equations on Embedded Chimera Grids",
  year="1996",
  school="University of Washington"
}

 @techreport(brislawnEtAL:1995,
    author = "K. D. Brislawn and D. Brown and G. Chesshire and J.  Saltzman",
    title = "Adaptively--Refined Overlapping Grids for the Numerical
Solution of SYstems of Hyperbolic Conservations Laws",
    type = "{LANL} Unclassified Report" ,
    number = "LA-UR-257",
    institution = "Los Alamos National Laboratory",
    note ="Proceedings of ICASE/Langley Conference on Adaptive Meshes",
    year = 1995)




@article{article:Berger85,
author = {M.J.~Berger},
title = {Stability of interfaces with mesh refinement},
journal = {Math.\ Comp.},
volume = {45},
pages = {301-318},
year = {1985}
}

@article{article:BeLe89,
author = {M.J.~Berger and R.J.~LeVeque},
title = {An adaptive {C}artesian mesh algorithm for the {E}uler equations in
arbitrary geometries},
journal = {AIAA paper AIAA-89-1930},
pages = {305-311},
year = {1989}
}
@article{article:BeLe91,
author = {M.J.~Berger and R.J.~LeVeque},
title = {A rotated difference scheme for {C}artesian grids in complex
geometries},
journal = {AIAA Paper CP-91-1602},
year = {1991}
}
@article{article:BeLe90,
author = {M.J.~Berger and R.J.~LeVeque},
title = {Stable boundary conditions for {C}artesian grid calculations},
journal = {Computing Systems in Engineering},
volume = {1},
pages = {305-311},
year = {1990}
}
@inproceedings{article:BeLe90b,
author = {M.J.~Berger and R.J.~LeVeque},
title = {Cartesian meshes and adaptive mesh refinement for hyperbolic
partial differential equations},
booktitle = {Proc.\ 3rd Intl.\ Conf.\ Hyperbolic Problems, Uppsala, Schweden},
year = {1990}
}
@inproceedings{article:BLS94,
author = {M.J.~Berger and R.J.~LeVeque and L.G.~Stern},
title = {Finite volume methods for irregular one-dimensional grids},
booktitle = {Mathematics of Computation 1943-1993: {A} half century of
computational mathematics, Proc.\ of Symposia in Applied Mathematics},
volume = {48},
pages = {255-259},
year = {1994}
}
@article{article:CaLe00,
author = {D.~Calhoun and R.J.~LeVeque},
title = {A {C}artesian grid finite-volume method for the advection diffusion
equation in irregular geometries},
journal = {J.\ Comput.\ Phys.},
volume = {157},
pages = {143-180},
year = {2000}
}
@article{article:FAH97,
author = {J.~Falcovitz and G.~Alfandary and G.~Hanoch},
title = {A two-dimensional conservation laws scheme for compressible flows
with moving boundaries},
journal = {J.\ Comput.\ Phys.},
volume = {138},
pages = {83-102},
year = {1997}
}

@article{article:KMS86,
  author="H. O. Kreiss and T. A. Manteuffel and B. Swartz and B. Wendroff
  and A. B. White",
  title="Supra-convergent schemes on irregular grids",
  journal={Math.\ Comp.},
  volume="47",
  year="1986",
  pages="537-554"
}
@article{article:MaWh86,
  author="T. A. Manteuffel and {White, Jr.}, A. B.",
  title="The numerical solution of second-order boundary value problems on
         nonuniform meshes",
  journal={Math.\ Comp.},
  volume="47",
  pages="511-535",
  year="1986"
}
@article{article:LeVeque97,
author = {R.J.~LeVeque},
title = {Wave propagation algorithms for multidimensional hyperbolic
systems},
journal = {J.\ Comput.\ Phys.},
volume = {131},
pages = {327-353},
year = {1997}
}
@article{article:LeVeque82,
author = {R.J.~LeVeque},
title = {Large time step shock-capturing techniques for scalar conservation
laws},
journal = {SIAM J.\ Numer.\ Anal.},
volume = {19},
pages = {1091-1109},
year = {1982}
}
@article{article:LeVeque84,
author = {R.J.~LeVeque},
title = {Convergence of a large time step generalization of {G}odunov's method
for conservation laws},
journal = {Comm.\ Pure Appl.\ Math.},
volume = {37},
pages = {463-477},
year = {1984}
}
@article{article:LeVeque85,
author = {R.J.~LeVeque},
title = {A large time step generalization of {G}odunov's method for systems
of conservation laws},
journal = {SIAM J.\ Numer.\ Anal.},
volume = {22},
pages = {1051-1073},
year = {1985}
}
@article{article:LeVeque88a,
author = {R.J.~LeVeque},
title = {High resolution finite volume methods on arbitrary grids via
wave propagation},
journal = {J.\ Comput.\ Phys.},
volume = {78},
pages = {36-63},
year = {1988}
}
@inproceedings{article:LeVeque88b,
author = {R.J.~LeVeque},
title = {Cartesian grid methods for flow in irregular regions},
booktitle = {Numerical Methods for Fluid Dynamics III},
editor = {K.W.~Morton and M.J.~Baines},
publisher = {Clarendon Press},
pages = {375-382},
year = {1988}
}

@misc{claw,
 author = {R.J.~LeVeque},
 title = {{\claw} software},
 note = {available from \\
	{\tt http://www.amath.washington.edu/~claw/}}
}

@article{article:LeVeque96,
author = {R.J.~LeVeque},
title = {High-resolution conservative algorithms for advection in
incompressible flow},
journal = {SIAM J.\ Numer.\ Anal.},
volume = {33},
pages = {627-665},
year = {1996}
}
@inproceedings{article:MoCo00,
author = {D.~Modiano and P.~Colella},
title = {A higher-order embedded boundary method for time dependent
simulation of hyperbolic conservation laws},
booktitle = {Proceedings of the FEDSM 00 - ASME Fluids Engineering
Simulation Meeting},
year = {2000}
}
@article{article:Morton98,
author = {K.W.~Morton},
title = {On the analysis of finite volume methods for evolutionary problems},
journal = {SIAM J.\ Numer.\ Anal.},
volume = {35},
pages = {2195-2222},
year = {1998}
}
@article{article:PBCCW95,
author = {R.B.~Pember and J.B.~Bell and P.~Colella and W.Y.~Crutchfield
amd M.L.Welcome},
title = {An adaptive {C}artesian grid method for unsteady compressible
flow in irregular regions},
journal = {J.\ Comput.\ Phys.},
volume = {120},
pages = {278-304},
year = {1995}
}
@article{article:Pike87,
author = {J.~Pike},
title = {Grid adaptive algorithms for the solution of the {E}uler equations
on irregular grids},
journal = {J.\ Comput.\ Phys.},
volume = {71},
pages = {194-223},
year = {1987}
}
@article{article:Quirk94,
author = {J.J.~Quirk},
title = {An alternative to unstructured grids for computing gas dynamic
flows around arbitrarily complex two-dimensional bodies},
journal = {Computers Fluids},
volume = {23},
pages = {125-142},
year = {1994}
}
@article{article:Roe81,
author = {P.L.~Roe},
title = {Approximate {R}iemann solver, parameter vectors, and difference
schemes},
journal = {J.\ Comput.\ Phys.},
volume = {43},
pages = {357-372},
year = {1981}
}
@article{article:S-RCG93,
author = {C.W.~Schultz-Rinne and J.P.~Collins and H.M.~Glaz},
title = {Numerical solution of the {R}iemann-problem for two-dimensional gas
dynamics},
journal = {SIAM J.~Sci.~Comput.},
volume = {14},
pages = {1394-1414},
year = {1993}
}
@phdthesis{phd:stern96,
author = {L.G.~Stern},
title = {An explicit conservative method for time accurate solution
of hyperbolic partial differential equations on embedded {C}himera grids},
school = {University of Washington},
year = {1996},
note = { {\tt ftp://www.amath.washington.edu/pub/~rjl/students/stern:thesis.ps.gz}}
}
@article{article:vanLeer74,
author = {B.\ van Leer},
title = {Towards the ultimate conservative difference scheme {II}.
{M}onotonicity and conservation combined in a second order scheme},
journal = {J.\ Comput.\ Phys.},
volume = {14},
pages = {361-370},
year = {1974}
}
@article{article:WeWh89,
author = {B.~Wendroff and A.B.~White},
title = {A supraconvergent scheme for nonlinear hyperbolic systems},
journal = {Comput.\ Math.\ Appl.},
volume = {18},
pages = {761-767},
year = {1989}
}
@inproceedings{article:WeWh88,
author = {B.~Wendroff and A.B.~White},
title = {Some supraconvergent schemes for hyperbolic equations on nonuniform
grids},
booktitle = {Proc.\ Second International Conference on Hyperbolic Problems,
Aachen},
pages = {671-677},
year = {1988}
}


@Article{mjb-rjl:amrclaw,
  author =       "M. J. Berger and R. J. LeVeque",
  title =        "Adaptive Mesh Refinement using Wave-Propagation
                 Algorithms for Hyperbolic Systems",
  journal =      "SIAM J. Numer. Anal.",
  volume =       "35",
  year =         "1998",
  pages =        "2298--2316",
}
@article{rjl-li:sinum,
  author="R. J. LeVeque and Z. Li",
  title="The Immersed Interface Method for Elliptic Equations with
   Discontinuous Coefficients and Singular Sources",
  journal="SIAM J. Numer. Anal.",
  volume="31",
  pages="1019-1044",
  year="1994"
} 
@misc{rjl-li:stokes,
  author="R. J. LeVeque and Z. Li",
  title="Immersed interface methods for {S}tokes flow with elastic
  boundaries or surface tension",
  howpublished="to appear in SIAM J. Sci. Comput.",
  note=" \\ ({\tt
  ftp://amath.washington.edu/pub/rjl/papers/rjl-li:stokes})"
} 
@article{kamatsuchi,
  author =       "T. Kamatsuchi",
  title =        "Turbulent Flow Simulation around Complex Geometries
                 with {C}artesian Grid Method",
  journal = "AIAA -2007-1459",
  year =         "2007",
}

@phdthesis{oliver-phd-thesis-adapt-dg-rans-turb-model,
        Author = {Todd A. Oliver},
        School = {Massachusetts Institute of Technology},
        Title = {A High-Order, Adaptive, Discontinuous Galerkin Finite Element Method for the
                 Reynolds-Averaged Navier-Stokes Equations},
        Year = 2008
}

@incollection{agard138,
        Author = {{P.} {H.} {C}ook and {M.} {A.} Mac{D}onald 
              and {M.} {C.} {P.} Firmin},
        Booktitle = {{AGARD} {A}dvisory {R}eport {No. 138}: Experimental 
              Data Base for Computer Program Assessment},
        Date-Added = {2011-11-17 08:34:19 -0800},
        Date-Modified = {2011-11-17 08:43:11 -0800},
        Keywords = {onearM6, RAE, 2822, NACA, experiment, agard},
        Month = {May},
        Publisher = {{N}orth {A}tlantic {T}reaty {O}rganization 
             {A}dvisory {G}roup for {A}erospace {R}esearch and {D}evelopment},
        Title = {Aerofoil {RAE 2822} - {P}ressure {D}istributions,
         and {B}oundary-{L}ayer and {W}ake {M}easurements},
        Year = {1979}}


@article{marshall-ruffin-aiaa2004,
  author =       "David D. Marshall and Stephen M. Ruffin",
  title =        "A New Inviscid Wall Boundary Condition Treatment for
  Embeddded boundary Cartesian Grid Schemes",
  journal =      "AIAA-2004-583",
   month={Jan.},
   year={2004},
   note={42nd Aerospacing Mtg., Reno, Nevada},
}


@article{Holst87,
        Author = "Terry L. Holst",
        Date-Added = {2011-11-17 14:44:44 -0800},
        Date-Modified = {2011-11-17 14:48:13 -0800},
        Journal = {{AIAA P}aper 1987-1460},
        Keywords = {viscous, transonic, airfoil, RAE, NACA},
        Month = {June},
        Title = {{V}iscous {T}ransonic {A}irfoil {W}orkshop {C}ompendium of {R}esults},
        Year = {1987}}

@phdthesis{PiercePhD97,
        Author = {Niles A. Pierce},
        Date-Added = {2011-08-26 09:33:45 -0700},
        Date-Modified = {2011-08-26 09:36:12 -0700},
        Month = {August},
        School = {University of Oxford},
        Title = {Preconditioned Multigrid Methods for Compressible Flow Calculations on Stretched
                 Meshes},
        Type = {{Ph.D}},
        Year = {1997}}


@Misc{sa_pc,
  author =       "Steve Allmaras",
  howPublished =  {Private communication},
}


@article{mjb-rjl:aiaa89,
  author =       "M.J. Berger and R.J. LeVeque",
  title =        "An adaptive {C}artesian mesh algorithm for the {E}uler
                 equations in arbitrary geometries",
  journal = "AIAA-89-1930",
  year =         "1989",
  pages =        "1--7",
}

@article{mjb-rjl:aiaa91,
  author =       "M.J. Berger and R.J. LeVeque",
  title =        "A Rotated Difference Scheme for {C}artesian Grids in
                 Complex Geometries",
  howpublished = "AIAA Conference on Computational Fluid Dynamics,
                 Honolulu, HI, CP-91-1602",
  year =         "1991",
}

@Article{rjl-zhang:acou,
  author =       "C. Zhang and R. J. LeVeque",
  title =        "Immersed interface methods for wave equations with
                 discontinuous coefficients",
  journal =      "Wave Motion",
  year =         "1997",
  volume =       "25",
  pages =        "237--263",
}
@Article{wieg-li-rjl:cracks,
  author =       "A. Wiegmann and Z. Li and R. J. LeVeque",
  title =        "Crack jump conditions for elliptic problems",
  journal =      "Appl. Math. Letters",
  volume =       "12",
  year =         "1999",
  pages =        "81--88",
  note =         "\\ ({\tt
                 ftp://amath.washington.edu/pub/rjl/papers/aw-zl-rjl:crackjc.ps.gz})",
}

@Article{dc-rjl:advdiff,
  author =       "D. Calhoun and R. J. LeVeque",
  title =        "Solving the advection-diffusion equation in irregular
                 geometries",
  journal =      "J. Comput. Phys.",
  year =         "2000",
  volume =       "156",
  pages =        "1--38",
}
@Article{trf-rjl:acou,
  author =       "T. Fogarty and R. J. LeVeque",
  title =        "High-resolution finite volume methods for acoustics in
                 periodic or random media",
  journal =      "J. Acoust. Soc. Am.",
  year =         "1999",
  volume =       "106",
  pages =        "17--28",
}
@InProceedings{dc-rjl:ima99,
  author =       "R. J. LeVeque and D. Calhoun",
  title =        "Cartesian Grid Methods for Fluid Flow in Complex
                 Geometries",
  booktitle =    "Computational Modeling in Biological Fluid Dynamics",
  editor =       "L. J. Fauci and S. Gueron",
  series =       "IMA Volumes in Mathematics and its Applications",
  volume =       "124",
  publisher =    "Springer-Verlag",
  pages =        "117--143",
  year =         "2001",
}

@Article{rjl-ll:proj,
  author =       "L. Lee and R. J. LeVeque",
  title =        "An immersed interface method for incompressible
                 {Navier-Stokes} equations",
  journal =      "SIAM J. Sci. Comput.",
  volume =       "25",
  year =         "2003",
  pages =        "832--856",
}



@Article{mjb-hel:hboxsimple,
  author =       "M.J. Berger and C. Helzel",
  title =        "A simplified $h$-box method for embedded boundary grids",
  journal =      "SIAM J. Sci. Comput.",
  volume =       "34",
  year =         "2012",
  pages =        "861--888",
}

@article{cal-hel-rjl:circles,
  author="D. A. Calhoun and C. Helzel and R. J. LeVeque",
  title="Logically rectangular finite volume grids and methods for
{``circular'' and ``spherical'' domains}",
  journal="SIAM Review",
  year="2008"
}
@Misc{claw.org,
  author =       "R. J. LeVeque and M. J. Berger and others",
  title =        "{\sc clawpack} software",
  note =         "{\tt www.clawpack.org}"
}


@misc{DOE:2007:CSSWReport,
key = "Computational  Subsurface Sciences Workshop",
title = "Report of the Computational Subsurface Sciences Workshop",
howpublished = "\\ {\tt http://subsurface2007.labworks.org/report}",
date = "Jan.2007"
}
 

 
@misc{DOE:2008:BrownReport,
author="D. L. Brown and others",
title="Applied Mathematics at the U.S. Department of Energy: 
  Past, Present and a View to the Future",
howpublished = "{\tt http://brownreport.siam.org/Wiki\%20Pages/Home.aspx}",
date = "May 2008"
}
 
@article{Hansen:2008:Mesh,
author = "G. Hansen and S. Owen",
title = "Mesh generation technology for nuclear reactor simulation;
barriers and opportunities",
journal = " Nuclear Engineering and Design ",
volume  = " 238 ",
year    = " 2008 ",
pages   = " 2590--2605 "
}


@article{Farhat:2002:A-faa,
        Author = {C. Farhat and U. Hetmaniuk},
        Journal = {Int. J. Numer. Meth. Engng.},
        Number = {9},
        Pages = {1309-1332},
        Title = {A fictitious domain decomposition method for the solution of partially axisymmetric acoustic scattering problems. {P}art {I}: {D}irichlet boundary conditions},
        Volume = {54},
        Year = {2002},
}

@article{Hetmaniuk:2003:A-fab,
        Author = {U. Hetmaniuk and C. Farhat},
        Journal = {Int. J. Numer. Meth. Engng.},
        Number = {1},
        Pages = {63-89},
        Title = {A fictitious domain decomposition method for the solution of partially axisymmetric acoustic scattering problems. {Part 2: N}eumann boundary co
nditions},
        Volume = {58},
        Year = {2003},
}

@article{Hetmaniuk:2003:A-faa,
        Author = {U. Hetmaniuk and C. Farhat},
        Journal = {Finite Elem. Anal. Des.},
        Number = {8},
        Pages = {707-725},
        Title = {A finite element-based fictitious domain decomposition method for the fast solution of partially axisymmetric sound-hard acoustic scattering problems},
        Volume = {39},
        Year = {2003},
}

@article{Farhat:2003:A-daa,
        Author = {C. Farhat and I. Harari and U. Hetmaniuk},
        Journal = {Comput. Methods Appl. Mech. Engrg.},
        Pages = {1389-1419},
        Title = {A discontinuous {G}alerkin method with {L}agrange multipliers for the solution of {H}elmholtz problems in mid-frequency regime},
        Volume = {192},
        Year = {2003},
}

@article{Farhat:2003:Theaa,
        Author = {C. Farhat and I. Harari and U. Hetmaniuk},
        Journal = {Comput. Methods Appl. Mech. Engrg.},
        Pages = {3195-3209},
        Title = {The discontinuous enrichment method for multiscale analysis},
        Volume = {192},
        Year = {2003},
}

@Article{ca:2002,
  author =     "D. Calhoun",
  title =     "A {C}artesian grid method for solving the
                  two-dimensional streamfunction-vorticity equations
                  in irregular regions",
  year =     "2002",
  journal =     "J. of Comput. Phys.",
  volume =     "176",
  pages =     "231--275"
} 


@misc{wi-ko-be:amr,
  author="A. Wissink and B. Kosovic and M. Berger and K. Chand and F.K.
Chow",
  title="Adaptive Cartesian Methods for modeling Airborne Dispersion",
  howpublished="Advanced
Computational Infrastructures for Parallel and Distributed Adaptive
Applications",
  editors = "A. Zomaya and M. Parashar and S. Chandra, X.Li",
  year="to appear"
}


@article{sutherland-ref,
  author={J.A. Fay and F.R. Riddell},
  title={Theory of Stagnation Point Heat Transfer in Dissociated Air },
  journal={J. Aeronaut. Sci.},
  volume={25},
  no={2},
  year={1958},
  pages={73-85},
  }

@article{af-be-mu:sfc,
  author="M.J.  Aftosmis and M.J. Berger and S.F. Murman",
  title="Applications of Space-filling Curves to Cartesian Methods for CFD",
  journal="AIAA-2004-1232",
}

@article{Dadone:wallFunction,
  author="A. Dadone",
  title="Towards a Ghost Cell Method for Analysis of Viscous Flows on Cartesian
      Grids",
  journal="AIAA-2010-709",
  year="2010",
}


@article{Capizzano:3daiaaJ,
  author="Francesco Capizzano",
  title="Turbulent Wall Model for Immersed Boundary Methods",
  journal={AIAA Journal}, 
  volume={49},
   number={11},
  year={2011},
}

@article{Capizzano:anisotropic,
  author="Francesco Capizzano",
  title="A Compressible Flow Simulation System Based on Cartesian Grids with
  Anisotropic Refinements",
  journal="AIAA-2007-1450-821",
}



@article{Iaccarino:IB,
 author="Gianluca Iaccarino and Georgi Kalitzin and Bahram Khalighi",
  title={Towards an Immersed Boundary RANS Flow Solver},
  journal="AIAA-2003-0770",
  year={2003},
}

@article{HuEtAl,
 author="Patrick Hu and Hongwu Zhao and Ramji Kamakoti and Nagendra
 Dittakavi and Liping Xue and Kan Ni and Shaolin Mao and David Marshall
 and Michael Aftosmis",
  title={Towards Efficient Viscous Modeling Based on Cartesian Methods for
  Automated Flow Simulation},
  journal={AIAA-2010-1472},
  year={2010},
}




@article{blank,
   author={blank},
   title={To Be Added},
   journal={},
   year={},
   month={},
   }

@book{cebici-smith,
  author={T. Cebeci and A.M.O. Smith},
  title={Analysis of Turbulent Boundary Layers},
  publisher={Academic Press},
  year={1974},
  }


@book{KaysCrawfordWeigand,
  author={William Kays and Michael Crawford and Bernhard Weigand},
  title={Convective Heat and Mass Transfer},
  publisher={McGraw Hill},
  year={2005},
  }

@book{Schlichting,
  author={Hermann Schlichting},
  title={Boundary-Layer Theory},
  publisher={McGraw Hill},
  year={1968},
  }

@book{white:viscousFlow,
  author={Frank M. White},
  title={Viscous Fluid Flow},
  publisher={McGraw Hill},
  year={1974},
  }

@article{batten:speeds,
  author={P. Batten and N. Clarke and C. Lambert and D.M. Causon},
  title={On the Choice of Wave Speeds for the HLLC Riemann Solver},
  journal={SIAM J. Sci. Computing},
   volume={18},
   number={6},
   pages={1553-1570},
   year={1997},
   month={Nov.},
   }

@article{DragojlovicEtAl,
  author={Zoran Dragojlovic and Farrokh Najmabadi and Marcus Day},
  title={An Embedded Boundary Method for Viscous Conducting Compressible
  Flow},
  journal={J. Comp. Phys.},
  volume={216},
  year={2006},
  pages={37-51},
  }


@article{YangCausonIngram:2000,
  author={G. Yang and D.M. Causon and D. Ingram},
  title={Calculation of compressible flows about complex moving geometries
  using a three-dimensional {C}artesian cut cell methods},
  journal={Intl. J. Num. Methods in Fluids},
  volume={33},
  year={2000},
  pages={1121-1151},
  }

@article{GaoEtAl,
  author={Feng Gao and D.M. Ingram and D.M. Causon and C.G. Mingham},
  title={The Development of a {C}artesian Cut Cell Method for Incompressible
  Viscous Flows},
  journal={Intl. J. Num. Methods in Fluids},
  volume={54},
  year={2007},
  pages={1033-1053},
  }

@misc{WIND,
author = "{NPARC Consortium}",
howpublished = "{{\tt http://www.grc.nasa.gov/WWW/wind/archive.html}}",
URL = "http://www.grc.nasa.gov/WWW/wind/valid/archive.html",
}

@article{Dawes:2014,
 author={A.A.J. Demargne and R.O. Evans and P.J. Tiller and W.N. Dawes},
  title={Practical and Reliable Mesh Generation for Complex
  Real-world Geometries},
  journal="AIAA-2014-0119",
  year={2014},
}

@article{Dawes:2005,
 author={W.N. Dawes },
  title={Building Blocks Towards {VR}-Based Flow Sculpting},
  journal="AIAA-2005-1156",
  year={2006},
}

@article{Dawes:2006,
 author={W.N. Dawes },
  title={Towards a fully parallel integrated geometry kernel, mesh
  generator, flow solver \& post-processor},
  journal="AIAA-2006-942",
  year={2006},
}

@article{Dawes:2007,
 author={W.N. Dawes and S.A. Harvey and S. Fellows and C.F. Favaretto and A. Velivelli},
  title={Viscous Layer Meshes from Level Sets on {C}artesian Meshes},
  journal="AIAA-2007-555",
  year={2007},
}

@article{Deister:1999,
 author="Frank Deister and Ernst H. Hirschel",
  title={Adaptive {C}artesian/Prism Grid Generation and Solutions for Arbitrary Geometries},
  journal="AIAA-1999-0782-242",
}


@article{lahur:2005,
  author={Paulus R. Lahur},
  title={Automatic Hexahedra Grid Generation Method for Component-based
       Surface Geometry},
  journal={AIAA-2005-5242},
  }

@article{Fidkowski:2007,
  author={Krzysztof J. Fidkowski and David Darmofal},
  title={An Adaptive Simplex Cut-Cell Method for Discontinuous Galerkin Discretizations of the
       Navier-Stokes Equations},
  journal={AIAA-2007-3941},
  year={2007},
  }

@article{Sang:2003,
  author={Wei Sang and Feng Li},
  title={Omni-tree and Adaptive Cartesian Hybrid Grid Method in Steady and Unsteady Flows },
  journal={AIAA-2003-4078},
  }

@article{LeeRuffin:2007,
  author={J.-D.  Lee and Stephen M. Ruffin},
  title={Development of a Turbulent Wall-Function based Viscous Cartesian-Grid Methodology},
  journal={AIAA-2007-1326},
  year={2007},
  }

@article{KeenKarni,
 author = {Keen, Benjamin and Karni, Smadar},
 title = {A second order kinetic scheme for gas dynamics on arbitrary grids},
 journal = {J. Comput. Phys.},
 volume = {205},
 number = {1},
 year = {2005},
 pages = {108--130},
 }

@article{trefethen-GKS2,
 author = {Trefethen, Lloyd N.},
 title = {Group Velocity Interpretation of the Stability Theory of
 {G}ustafsson, {K}reiss and {S}undstr{\"o}m},
 journal = {J. Comput. Phys.},
 volume = {49},
 year = {1983},
 pages = {199--217},
 }

 @article{trefethen-GKS1,
 author = {Trefethen, Lloyd N.},
 title = {Group Velocity In Finite Difference Schemes},
 journal = {SIAM Review},
 volume = {24},
 number={2},
 year = {1982},
 pages = {113--136},
 }


@phdthesis{May_PhD,
   author = {S. May},
    title = {Embedded Boundary Methods for Flow in Complex Geometries},
   school = {Courant Institute of Mathematical Sciences, New York
University},
     year = {2013}
}

@ARTICLE{May_Berger_LP,
   author = {S. May and M. J. Berger},
    title = {Two-dimensional slope limiters for finite volume schemes on
non-coordinate-aligned meshes},
  journal = {SIAM J. Sci. Comput.},
  volume  = {35},
     year = {2013},
  pages   = {A2163-A2187}
}

@article{May-Berger:JSC,
   author = {S. May and M. J. Berger},
   title = {An Explicit Implicit Scheme for Cut Cells in Embedded Boundary
            Meshes},
   journal = {J. Sci. Comput.},
   year = {2016},
   Note = {doi=10.1007/s10915-016-0326-2},
}

@article{LevequeGeorgeBerger:actaNumerica,
      author = {R.J. LeVeque and D.L. George and M.J. Berger},
      title = {Tsunami modelling with adaptively refined finite volume
               methods},
    journal = {Acta Numerica},
       year = {2011},
      pages = {211-289},
}

@article{George:2008,
  author = {D.L. George},
  title={Augmented {R}iemann Solvers for the Shallow Water Equations over
  Variable Topography with Steady States and Inundation},
  journal={J. Comp. Phys.},
  volume={227},
  number={6},
  month={March},
  year={2008},
  pages = {3089-3113},
}

@article{Peskin:actaNumerica,
      author = {Charles S. Peskin},
      title = {The immersed boundary method},
    journal = {Acta Numerica},
       year = {2002},
      pages = {1-39},
}

@article{JohnsonEtAl,
  author =       "Forrester T. Johnson and Edward N. Tinoco and N. Jong Yu",
  title =        "Thirty Years of Development and Application of {CFD} at
                  {B}oeing Commercial Airplanes, Seattle",
  journal =      "AIAA-2003-3439",
  year =         "2003",
}

@article{MittalIaccarino:2005,
   author = {Rajat Mittal and Gianluca Iaccarino},
   title  = {Immersed Boundary Methods},
   journal = {Ann. Rev. Fluid Mech.},
   year    = {2005},
   volume  = {37},
   pages   = {239-261}
}

@article{Wedan:South,
  author =       "Bruce Wedan and Jerry C. {South, Jr.}",
  title =        "A method for solving the transonic full-potential
                  equation for general configurations",
  journal =      "AIAA-1983-1889",
  year =         "1983",
}

@article{Purvis:Burkhalter,
  author =       "James W. Purvis and John E. Burkhalter",
  title =        "Prediction of Critical {M}ach Number for Store
                 Configurations",
  journal =      "AIAA Journal",
  year    =         "1979",
  volume={17},
  pages   = "1170-1177",
}


@article{Capizz2016,
	Author = {Francesco Capizzano},
	Date-Added = {2016-04-05 17:06:03 +0000},
	Date-Modified = {2016-04-05 17:07:41 +0000},
	Journal = {{AIAA} Journal},
	Keywords = {Cartesian, Turbulent, wall-layer, wall model, Immersed Boundary},
	Month = {January},
	Number = {2},
	Pages = {728-734},
	Title = {Coupling a Wall Diffusion Model with an Immersed Boundary Technique},
	Volume = {54},
	Year = {2016}
}

@techreport{TM99-209938,
	Author = {Tsan-Hsing Shih and Louis A. Povinelli and Nan-Suey Liu and Mark G. Potapczuk and J. L. Lumley},
	Date-Added = {2016-05-18 16:51:53 +0000},
	Date-Modified = {2016-05-18 16:55:24 +0000},
	Month = {July},
	Number = {1999--209398},
	Title = {{A} {G}eneralized {W}all {F}unction},
	Type = {NASA/TM},
	Year = 1999,
}

@inproceedings{pcfd09,
        Address = {Mountain View, CA},
        Author = {{M}. {J}. Aftosmis and {M.} Nemec},
        Booktitle = {{P}roceedings of the 21st {I}nternational {C}onference on
{P}arallel {C}omputational {F}luid {D}ynamics},
        Date-Added = {2009-12-07 13:51:58 -0800},
        Date-Modified = {2014-10-28 15:29:10 +0000},
        Editor = {R. Biswas},
        Keywords = {Parallel, parametric studies, error, database, adjoint,
Cartesian},
        Month = {May},
        Publisher = {DEStech Publications Inc., Lancaster PA,
http://dx.doi.org/10.13140/2.1.1478.6560},
        Title = {{E}xploring Discretization Error in Simulation-Based
Aerodynamic Databases},
        Year = {2009},
}


@techreport{mnTM2014,
        Address = {{N}ational {A}eronautics and {S}pace {A}dministration,
Center for AeroSpace Information, 7115 Standard Drive, Hanover, MD
21076-1320},
        Author = {{M}arian {N}emec and {M}. {J}. Aftosmis},
        Date-Added = {2014-09-04 14:43:51 +0000},
        Date-Modified = {2015-02-03 22:51:48 +0000},
        Institution = {{NASA}},
        Keywords = {Adjoint, adaptation, Cartesian, Cart3D, Discretization
error, Cut cell, Adaptive refinement, verification},
        Month = {August},
        Note = {http://hdl.handle.net/2060/20150000864},
        Number = {2014-218386},
        Title = {{T}oward Automatic Verification of Goal-Oriented Flow
Simulations},
        Type = {NASA/TM},
        Year = {2014}
}


@article{aftosmis2014,
        Address = {National Harbor, MD},
        Author = {{M}ichael {J.} {A}ftosmis and {M}arian Nemec},
        Date-Added = {2014-01-12 23:35:53 +0000},
        Date-Modified = {2014-01-12 23:42:45 +0000},
        Doi = {10.2514/6.2014-0558},
        Journal = {{AIAA P}aper 2014--0558},
        Month = jan,
        Title = {Cart3D Simulations for the First AIAA Sonic Boom Prediction
Workshop},
        Type = {AIAA Paper},
        Year = {2014}
}


@article{Rum2014,
        Author = {Christopher L. Rumsey and Jeffrey P. Slotnick},
        Date-Added = {2016-12-10 14:47:44 +0000},
        Date-Modified = {2016-12-10 14:51:11 +0000},
        Journal = {Journal of Aircraft},
        Keywords = {High-Lift, workshop, RANS},
        Number = {4},
        Pages = {pp. 1006-1025 , http://dx.doi.org/10.2514/1.C032864},
        Title = {Overview and Summary of the Second AIAA High-Lift Prediction
Workshop},
        Volume = {52},
        Year = {2014}
}

@article{SpalartVenkat2016,
        Author = {{P}hilippe {R}. {S}palart and V. Venkatakrishnan},
        Date-Added = {2017-01-05 15:01:02 +0000},
        Date-Modified = {2017-01-05 15:04:38 +0000},
        Journal = {Aeronautical Journal},
        Keywords = {CFD, challenges, aerospace, industry, mesh generation},
        Number = 1223,
        Pages = {209-232 DOI: https://doi.org/10.1017/aer.2015.10},
        Title = {On the role and challenges of {CFD} in the aerospace industry},
        Volume = 120,
        Year = 2016
}

@article{WardAsphaug:2000,
   Author = {Steven N. Ward and Erik Asphaug},
   Title = {Asteroid Impact Tsunami: A Probabilistic Hazard Assessment},
   Journal = {Icarus},
   Volume = 145,
   Year = 2000,
   doi = {doi:10.1006/icar.1999.6336},
   pages={64--78},
}

@article{CrawfordMader:1998,
   Author = {D.A. Crawford and C.L. Mader},
   Title = {Modeling Asteroid Impact and Tsunami},
   Journal = {Science of Tsunami Hazards},
   Volume = 16,
   Number = 1,
   Year = 1998,
   pages={21--30},
}

@article{BergerGoodman:AGT,
  Author = {M.J. Berger and J. Goodman},
  Title = {Airburst Generated Tsunamis},
  Journal = {Pure Appl. Geophysics},
  Volume = 175,
  Number = 4,
  Year = 2018,
}

@techreport{AGT2018,
    Address = {{N}ational {A}eronautics and {S}pace {A}dministration},
    Author = {M.J. Berger and R.J. Leveque},
    Date-Added = {2018-05-10 15:39:25 +0000},
    Date-Modified = {2018-05-10 15:41:46 +0000},
    Keywords = {Asteroid,tsunami,Shallow Water Equations,Boussinesq,clawpack,airburst},
    Month = {April},
    Number = {2018--219786},
    Title = {Modeling Issues in Asteroid-Generated Tsunamis},
    Type = {NASA/CR},
    Year = {2018}}
   }

@article{Kim2017,
title = "A {Boussinesq} type extension of the {GeoClaw} model - a study of wave
        breaking phenomena applying dispersive long wave models ",
author = "J. Kim and G. K. Pedersen and F. L{\o}vholt and R. J.  LeVeque",
journal = "Coastal Engineering ",
volume = "122",
pages = "75 - 86",
year = "2017",
doi = "http://dx.doi.org/10.1016/j.coastaleng.2017.01.005",
url = "http://www.sciencedirect.com/science/article/pii/S0378383917300546",
}

@techreport{SDT2003,
title={Study to Determine the Feasibility of Extending the Search for Near-
Earth Objects to Smaller Limiting Diameters},
author={Report of the Near-Earth Object Science Definition Team},
year={2003},
month={August},
institution={National Aeronautics and Space Administration},
note={Prepared at the request of NASA Office of Space Science, Planetary
Science Division},
}

@techreport{SDT2017,
title={Update to Determine the Feasibility of Enhancing  the Search and
Characterization for NEOs},
author={Report of the Near-Earth Object Science Definition Team},
year={2017},
month={September},
institution={National Aeronautics and Space Administration},
note={Prepared at the request of NASA Office of Space Science, Planetary
Science Division},
}
@article{MadsenSorensen1992,
  title = {A New Form of the {{Boussinesq}} Equations with Improved Linear Dispersion Characteristics. {{Part}} 2. {{A}} Slowly-Varying Bathymetry},
  volume = {18},
  number = {3-4},
  url = {http://www.sciencedirect.com/science/article/pii/037838399290019Q},
  journal = {Coastal engineering},
  author = {Madsen, P. A. and S{\o}rensen, O. R.},
  year = {1992},
  pages = {183--204}
  }


@inproceedings{TheSea15:Gisler,
   author = {G.R. Gisler},
   BOOKTITLE = {The Sea: Tsunamis},
   title={Tsunami Generation: Other Sources},
    editor={E.N. Bernard and A.R. Robinson},
    volume={15},
    publisher = {Harvard University Press},
    year = {2009},
    pages={179-200},
}
